%YAML 1.1
%TAG !u! tag:unity3d.com,2011:
--- !u!1001 &100100000
Prefab:
  m_ObjectHideFlags: 1
  serializedVersion: 2
  m_Modification:
    m_TransformParent: {fileID: 0}
    m_Modifications: []
    m_RemovedComponents: []
  m_ParentPrefab: {fileID: 0}
  m_RootGameObject: {fileID: 1177752486364664}
  m_IsPrefabParent: 1
--- !u!1 &1177752486364664
GameObject:
  m_ObjectHideFlags: 0
  m_PrefabParentObject: {fileID: 0}
  m_PrefabInternal: {fileID: 100100000}
  serializedVersion: 5
  m_Component:
  - component: {fileID: 4609442229355876}
  - component: {fileID: 33057378080925966}
  - component: {fileID: 23831464310044106}
  - component: {fileID: 114290134252572532}
  - component: {fileID: 65207300082911244}
  - component: {fileID: 114510457458860830}
  m_Layer: 0
  m_Name: Cloud_06
  m_TagString: Untagged
  m_Icon: {fileID: 0}
  m_NavMeshLayer: 0
  m_StaticEditorFlags: 0
  m_IsActive: 1
--- !u!4 &4609442229355876
Transform:
  m_ObjectHideFlags: 1
  m_PrefabParentObject: {fileID: 0}
  m_PrefabInternal: {fileID: 100100000}
  m_GameObject: {fileID: 1177752486364664}
  m_LocalRotation: {x: 0, y: 0, z: 0, w: 1}
  m_LocalPosition: {x: 0, y: 0, z: 0}
  m_LocalScale: {x: 1, y: 1, z: 1}
  m_Children: []
  m_Father: {fileID: 0}
  m_RootOrder: 0
  m_LocalEulerAnglesHint: {x: 0, y: 0, z: 0}
--- !u!23 &23831464310044106
MeshRenderer:
  m_ObjectHideFlags: 1
  m_PrefabParentObject: {fileID: 0}
  m_PrefabInternal: {fileID: 100100000}
  m_GameObject: {fileID: 1177752486364664}
  m_Enabled: 1
  m_CastShadows: 1
  m_ReceiveShadows: 1
  m_DynamicOccludee: 1
  m_MotionVectors: 1
  m_LightProbeUsage: 0
  m_ReflectionProbeUsage: 1
  m_Materials:
  - {fileID: 2100000, guid: e68f77e240a7f8643b5cc4253dc37516, type: 2}
  m_StaticBatchInfo:
    firstSubMesh: 0
    subMeshCount: 0
  m_StaticBatchRoot: {fileID: 0}
  m_ProbeAnchor: {fileID: 0}
  m_LightProbeVolumeOverride: {fileID: 0}
  m_ScaleInLightmap: 1
  m_PreserveUVs: 0
  m_IgnoreNormalsForChartDetection: 0
  m_ImportantGI: 0
  m_StitchLightmapSeams: 0
  m_SelectedEditorRenderState: 3
  m_MinimumChartSize: 4
  m_AutoUVMaxDistance: 0.5
  m_AutoUVMaxAngle: 89
  m_LightmapParameters: {fileID: 0}
  m_SortingLayerID: 0
  m_SortingLayer: 0
  m_SortingOrder: 0
--- !u!33 &33057378080925966
MeshFilter:
  m_ObjectHideFlags: 1
  m_PrefabParentObject: {fileID: 0}
  m_PrefabInternal: {fileID: 100100000}
  m_GameObject: {fileID: 1177752486364664}
  m_Mesh: {fileID: 4300000, guid: 9eee4a1abc7933341a548cf4c5fa26cb, type: 3}
--- !u!65 &65207300082911244
BoxCollider:
  m_ObjectHideFlags: 1
  m_PrefabParentObject: {fileID: 0}
  m_PrefabInternal: {fileID: 100100000}
  m_GameObject: {fileID: 1177752486364664}
  m_Material: {fileID: 0}
  m_IsTrigger: 0
  m_Enabled: 1
  serializedVersion: 2
  m_Size: {x: 3.881323, y: 1.5356821, z: 4.2666473}
  m_Center: {x: 0, y: 0, z: 0.0000015497208}
--- !u!114 &114290134252572532
MonoBehaviour:
  m_ObjectHideFlags: 1
  m_PrefabParentObject: {fileID: 0}
  m_PrefabInternal: {fileID: 100100000}
  m_GameObject: {fileID: 1177752486364664}
  m_Enabled: 1
  m_EditorHideFlags: 0
  m_Script: {fileID: 11500000, guid: cf51430e9a8941e429dc9513021666c7, type: 3}
  m_Name: 
  m_EditorClassIdentifier: 
  subsribed: 0
  _poolManager: {fileID: 0}
  _durability: 0
  _spline_point: 0
  _distance: 0
  _height: 25
  _angle: 0
  _angle_speed: 0
  _size: 1
  _triggered: 0
  _height_animation: 0
  _angle_animation: 0
  _size_animation: 0
  _destroyOnFinish: 0
  _onEnterSound: {fileID: 0}
  _remainingSound: {fileID: 0}
  _leavingSound: {fileID: 0}
  _causingVFX: {fileID: 0}
  _remainingVFX: {fileID: 0}
  _leavingVFX: {fileID: 0}
--- !u!114 &114510457458860830
MonoBehaviour:
  m_ObjectHideFlags: 1
  m_PrefabParentObject: {fileID: 0}
  m_PrefabInternal: {fileID: 100100000}
  m_GameObject: {fileID: 1177752486364664}
  m_Enabled: 1
  m_EditorHideFlags: 0
  m_Script: {fileID: 11500000, guid: cb52508ea1329a548815e62f8ed78b22, type: 3}
  m_Name: 
  m_EditorClassIdentifier: 
  startPosition: 0
  speed: 0
  direction: 0
  angle: 0
