%YAML 1.1
%TAG !u! tag:unity3d.com,2011:
--- !u!29 &1
OcclusionCullingSettings:
  m_ObjectHideFlags: 0
  serializedVersion: 2
  m_OcclusionBakeSettings:
    smallestOccluder: 5
    smallestHole: 0.25
    backfaceThreshold: 100
  m_SceneGUID: 00000000000000000000000000000000
  m_OcclusionCullingData: {fileID: 0}
--- !u!104 &2
RenderSettings:
  m_ObjectHideFlags: 0
  serializedVersion: 8
  m_Fog: 0
  m_FogColor: {r: 0.5, g: 0.5, b: 0.5, a: 1}
  m_FogMode: 3
  m_FogDensity: 0.01
  m_LinearFogStart: 0
  m_LinearFogEnd: 300
  m_AmbientSkyColor: {r: 0.212, g: 0.227, b: 0.259, a: 1}
  m_AmbientEquatorColor: {r: 0.114, g: 0.125, b: 0.133, a: 1}
  m_AmbientGroundColor: {r: 0.047, g: 0.043, b: 0.035, a: 1}
  m_AmbientIntensity: 1
  m_AmbientMode: 0
  m_SubtractiveShadowColor: {r: 0.42, g: 0.478, b: 0.627, a: 1}
  m_SkyboxMaterial: {fileID: 10304, guid: 0000000000000000f000000000000000, type: 0}
  m_HaloStrength: 0.5
  m_FlareStrength: 1
  m_FlareFadeSpeed: 3
  m_HaloTexture: {fileID: 0}
  m_SpotCookie: {fileID: 10001, guid: 0000000000000000e000000000000000, type: 0}
  m_DefaultReflectionMode: 0
  m_DefaultReflectionResolution: 128
  m_ReflectionBounces: 1
  m_ReflectionIntensity: 1
  m_CustomReflection: {fileID: 0}
  m_Sun: {fileID: 0}
  m_IndirectSpecularColor: {r: 0.44657844, g: 0.49641222, b: 0.57481694, a: 1}
--- !u!157 &3
LightmapSettings:
  m_ObjectHideFlags: 0
  serializedVersion: 11
  m_GIWorkflowMode: 0
  m_GISettings:
    serializedVersion: 2
    m_BounceScale: 1
    m_IndirectOutputScale: 1
    m_AlbedoBoost: 1
    m_TemporalCoherenceThreshold: 1
    m_EnvironmentLightingMode: 0
    m_EnableBakedLightmaps: 1
    m_EnableRealtimeLightmaps: 1
  m_LightmapEditorSettings:
    serializedVersion: 9
    m_Resolution: 2
    m_BakeResolution: 40
    m_TextureWidth: 1024
    m_TextureHeight: 1024
    m_AO: 0
    m_AOMaxDistance: 1
    m_CompAOExponent: 1
    m_CompAOExponentDirect: 0
    m_Padding: 2
    m_LightmapParameters: {fileID: 0}
    m_LightmapsBakeMode: 1
    m_TextureCompression: 1
    m_FinalGather: 0
    m_FinalGatherFiltering: 1
    m_FinalGatherRayCount: 256
    m_ReflectionCompression: 2
    m_MixedBakeMode: 2
    m_BakeBackend: 0
    m_PVRSampling: 1
    m_PVRDirectSampleCount: 32
    m_PVRSampleCount: 500
    m_PVRBounces: 2
    m_PVRFilterTypeDirect: 0
    m_PVRFilterTypeIndirect: 0
    m_PVRFilterTypeAO: 0
    m_PVRFilteringMode: 1
    m_PVRCulling: 1
    m_PVRFilteringGaussRadiusDirect: 1
    m_PVRFilteringGaussRadiusIndirect: 5
    m_PVRFilteringGaussRadiusAO: 2
    m_PVRFilteringAtrousPositionSigmaDirect: 0.5
    m_PVRFilteringAtrousPositionSigmaIndirect: 2
    m_PVRFilteringAtrousPositionSigmaAO: 1
  m_LightingDataAsset: {fileID: 0}
  m_UseShadowmask: 1
--- !u!196 &4
NavMeshSettings:
  serializedVersion: 2
  m_ObjectHideFlags: 0
  m_BuildSettings:
    serializedVersion: 2
    agentTypeID: 0
    agentRadius: 0.5
    agentHeight: 2
    agentSlope: 45
    agentClimb: 0.4
    ledgeDropHeight: 0
    maxJumpAcrossDistance: 0
    minRegionArea: 2
    manualCellSize: 0
    cellSize: 0.16666667
    manualTileSize: 0
    tileSize: 256
    accuratePlacement: 0
  m_NavMeshData: {fileID: 0}
--- !u!1001 &157475457
Prefab:
  m_ObjectHideFlags: 0
  serializedVersion: 2
  m_Modification:
    m_TransformParent: {fileID: 0}
    m_Modifications:
    - target: {fileID: 400000, guid: bd98cdc175f53924392b4f1dab420f46, type: 3}
      propertyPath: m_LocalPosition.x
      value: -0
      objectReference: {fileID: 0}
    - target: {fileID: 400000, guid: bd98cdc175f53924392b4f1dab420f46, type: 3}
      propertyPath: m_LocalPosition.y
      value: 0
      objectReference: {fileID: 0}
    - target: {fileID: 400000, guid: bd98cdc175f53924392b4f1dab420f46, type: 3}
      propertyPath: m_LocalPosition.z
      value: 0
      objectReference: {fileID: 0}
    - target: {fileID: 400000, guid: bd98cdc175f53924392b4f1dab420f46, type: 3}
      propertyPath: m_LocalRotation.x
      value: 0
      objectReference: {fileID: 0}
    - target: {fileID: 400000, guid: bd98cdc175f53924392b4f1dab420f46, type: 3}
      propertyPath: m_LocalRotation.y
      value: -0
      objectReference: {fileID: 0}
    - target: {fileID: 400000, guid: bd98cdc175f53924392b4f1dab420f46, type: 3}
      propertyPath: m_LocalRotation.z
      value: -0
      objectReference: {fileID: 0}
    - target: {fileID: 400000, guid: bd98cdc175f53924392b4f1dab420f46, type: 3}
      propertyPath: m_LocalRotation.w
      value: 1
      objectReference: {fileID: 0}
    - target: {fileID: 400000, guid: bd98cdc175f53924392b4f1dab420f46, type: 3}
      propertyPath: m_RootOrder
      value: 5
      objectReference: {fileID: 0}
    - target: {fileID: 100000, guid: bd98cdc175f53924392b4f1dab420f46, type: 3}
      propertyPath: m_Name
      value: trackMeshReduced
      objectReference: {fileID: 0}
    - target: {fileID: 2300000, guid: bd98cdc175f53924392b4f1dab420f46, type: 3}
      propertyPath: m_Materials.Array.data[0]
      value: 
      objectReference: {fileID: 10303, guid: 0000000000000000f000000000000000, type: 0}
    m_RemovedComponents:
    - {fileID: 9500000, guid: bd98cdc175f53924392b4f1dab420f46, type: 3}
  m_ParentPrefab: {fileID: 100100000, guid: bd98cdc175f53924392b4f1dab420f46, type: 3}
  m_IsPrefabParent: 0
--- !u!1 &183234048
GameObject:
  m_ObjectHideFlags: 0
  m_PrefabParentObject: {fileID: 0}
  m_PrefabInternal: {fileID: 0}
  serializedVersion: 5
  m_Component:
  - component: {fileID: 183234049}
  m_Layer: 0
  m_Name: AimObject
  m_TagString: Untagged
  m_Icon: {fileID: 0}
  m_NavMeshLayer: 0
  m_StaticEditorFlags: 0
  m_IsActive: 1
--- !u!4 &183234049
Transform:
  m_ObjectHideFlags: 0
  m_PrefabParentObject: {fileID: 0}
  m_PrefabInternal: {fileID: 0}
  m_GameObject: {fileID: 183234048}
  m_LocalRotation: {x: -0, y: -0, z: -0, w: 1}
  m_LocalPosition: {x: 0, y: 1, z: -10}
  m_LocalScale: {x: 1, y: 1, z: 1}
  m_Children: []
  m_Father: {fileID: 0}
  m_RootOrder: 3
  m_LocalEulerAnglesHint: {x: 0, y: 0, z: 0}
--- !u!1 &188379834
GameObject:
  m_ObjectHideFlags: 0
  m_PrefabParentObject: {fileID: 0}
  m_PrefabInternal: {fileID: 0}
  serializedVersion: 5
  m_Component:
  - component: {fileID: 188379836}
  - component: {fileID: 188379835}
  m_Layer: 0
  m_Name: Game
  m_TagString: Untagged
  m_Icon: {fileID: 0}
  m_NavMeshLayer: 0
  m_StaticEditorFlags: 0
  m_IsActive: 1
--- !u!114 &188379835
MonoBehaviour:
  m_ObjectHideFlags: 0
  m_PrefabParentObject: {fileID: 0}
  m_PrefabInternal: {fileID: 0}
  m_GameObject: {fileID: 188379834}
  m_Enabled: 1
  m_EditorHideFlags: 0
  m_Script: {fileID: 11500000, guid: 64942aeca4fcf624c8265a48dc5850c6, type: 3}
  m_Name: 
  m_EditorClassIdentifier: 
--- !u!4 &188379836
Transform:
  m_ObjectHideFlags: 0
  m_PrefabParentObject: {fileID: 0}
  m_PrefabInternal: {fileID: 0}
  m_GameObject: {fileID: 188379834}
  m_LocalRotation: {x: 0.40821788, y: -0.23456968, z: 0.10938163, w: 0.8754261}
  m_LocalPosition: {x: 0, y: 3, z: 0}
  m_LocalScale: {x: 1, y: 1, z: 1}
  m_Children: []
  m_Father: {fileID: 0}
  m_RootOrder: 2
  m_LocalEulerAnglesHint: {x: 0, y: 0, z: 0}
--- !u!1 &341403659
GameObject:
  m_ObjectHideFlags: 0
  m_PrefabParentObject: {fileID: 0}
  m_PrefabInternal: {fileID: 0}
  serializedVersion: 5
  m_Component:
  - component: {fileID: 341403660}
  - component: {fileID: 341403661}
  - component: {fileID: 341403662}
  m_Layer: 0
  m_Name: Account
  m_TagString: Untagged
  m_Icon: {fileID: 0}
  m_NavMeshLayer: 0
  m_StaticEditorFlags: 0
  m_IsActive: 1
--- !u!4 &341403660
Transform:
  m_ObjectHideFlags: 0
  m_PrefabParentObject: {fileID: 0}
  m_PrefabInternal: {fileID: 0}
  m_GameObject: {fileID: 341403659}
  m_LocalRotation: {x: 0, y: 0, z: 0, w: 1}
  m_LocalPosition: {x: 0, y: 0, z: 0}
  m_LocalScale: {x: 1, y: 1, z: 1}
  m_Children: []
  m_Father: {fileID: 821275447}
  m_RootOrder: 1
  m_LocalEulerAnglesHint: {x: 0, y: 0, z: 0}
--- !u!114 &341403661
MonoBehaviour:
  m_ObjectHideFlags: 0
  m_PrefabParentObject: {fileID: 0}
  m_PrefabInternal: {fileID: 0}
  m_GameObject: {fileID: 341403659}
  m_Enabled: 1
  m_EditorHideFlags: 0
  m_Script: {fileID: 11500000, guid: a003ef770d087c8439dd088bcc3e7a2a, type: 3}
  m_Name: 
  m_EditorClassIdentifier: 
  subsribed: 0
  _extra_lives: 3
  _coins: 0
  _bestScores: 0
  _noAd: 0
  _volume: 1
  _music: 1
  _controls_type: 0
  _test: 0
--- !u!114 &341403662
MonoBehaviour:
  m_ObjectHideFlags: 0
  m_PrefabParentObject: {fileID: 0}
  m_PrefabInternal: {fileID: 0}
  m_GameObject: {fileID: 341403659}
  m_Enabled: 1
  m_EditorHideFlags: 0
  m_Script: {fileID: 11500000, guid: fd4fedb0858d3674eace587dd3d4b50b, type: 3}
  m_Name: 
  m_EditorClassIdentifier: 
  subsribed: 0
--- !u!1 &527184190
GameObject:
  m_ObjectHideFlags: 0
  m_PrefabParentObject: {fileID: 0}
  m_PrefabInternal: {fileID: 0}
  serializedVersion: 5
  m_Component:
  - component: {fileID: 527184191}
  - component: {fileID: 527184192}
  - component: {fileID: 527184193}
  m_Layer: 0
  m_Name: Player
  m_TagString: Untagged
  m_Icon: {fileID: 0}
  m_NavMeshLayer: 0
  m_StaticEditorFlags: 0
  m_IsActive: 1
--- !u!4 &527184191
Transform:
  m_ObjectHideFlags: 0
  m_PrefabParentObject: {fileID: 0}
  m_PrefabInternal: {fileID: 0}
  m_GameObject: {fileID: 527184190}
  m_LocalRotation: {x: 0, y: 0, z: 0, w: 1}
  m_LocalPosition: {x: 0, y: 0, z: 0}
  m_LocalScale: {x: 1, y: 1, z: 1}
  m_Children: []
  m_Father: {fileID: 821275447}
  m_RootOrder: 2
  m_LocalEulerAnglesHint: {x: 0, y: 0, z: 0}
--- !u!114 &527184192
MonoBehaviour:
  m_ObjectHideFlags: 0
  m_PrefabParentObject: {fileID: 0}
  m_PrefabInternal: {fileID: 0}
  m_GameObject: {fileID: 527184190}
  m_Enabled: 1
  m_EditorHideFlags: 0
  m_Script: {fileID: 11500000, guid: f5ce9b52870e0ef4986d4bb94fd0c59d, type: 3}
  m_Name: 
  m_EditorClassIdentifier: 
  subsribed: 0
  _lives: 2
  _speed: 0
  _angle: 0
  _height: 3
  _position: 0
  _segment_position: 0
  _scores: 0
  _freeze_scores: 0
  _coins: 0
  traveledDistance: 0
--- !u!114 &527184193
MonoBehaviour:
  m_ObjectHideFlags: 0
  m_PrefabParentObject: {fileID: 0}
  m_PrefabInternal: {fileID: 0}
  m_GameObject: {fileID: 527184190}
  m_Enabled: 1
  m_EditorHideFlags: 0
  m_Script: {fileID: 11500000, guid: 0647f047c8e1bc147ba4f9fcb2abeaa0, type: 3}
  m_Name: 
  m_EditorClassIdentifier: 
  subsribed: 0
  camera: {fileID: 601564338}
  aim_object: {fileID: 183234048}
  pathWalker: {fileID: 0}
  up_vector: 1
  Control: {fileID: 0}
  angle: 0
  acceleration: 0
--- !u!1 &601564334
GameObject:
  m_ObjectHideFlags: 0
  m_PrefabParentObject: {fileID: 0}
  m_PrefabInternal: {fileID: 0}
  serializedVersion: 5
  m_Component:
  - component: {fileID: 601564339}
  - component: {fileID: 601564338}
  - component: {fileID: 601564337}
  - component: {fileID: 601564336}
  - component: {fileID: 601564335}
  m_Layer: 0
  m_Name: Main Camera
  m_TagString: MainCamera
  m_Icon: {fileID: 0}
  m_NavMeshLayer: 0
  m_StaticEditorFlags: 0
  m_IsActive: 1
--- !u!81 &601564335
AudioListener:
  m_ObjectHideFlags: 0
  m_PrefabParentObject: {fileID: 0}
  m_PrefabInternal: {fileID: 0}
  m_GameObject: {fileID: 601564334}
  m_Enabled: 1
--- !u!124 &601564336
Behaviour:
  m_ObjectHideFlags: 0
  m_PrefabParentObject: {fileID: 0}
  m_PrefabInternal: {fileID: 0}
  m_GameObject: {fileID: 601564334}
  m_Enabled: 1
--- !u!92 &601564337
Behaviour:
  m_ObjectHideFlags: 0
  m_PrefabParentObject: {fileID: 0}
  m_PrefabInternal: {fileID: 0}
  m_GameObject: {fileID: 601564334}
  m_Enabled: 1
--- !u!20 &601564338
Camera:
  m_ObjectHideFlags: 0
  m_PrefabParentObject: {fileID: 0}
  m_PrefabInternal: {fileID: 0}
  m_GameObject: {fileID: 601564334}
  m_Enabled: 1
  serializedVersion: 2
  m_ClearFlags: 1
  m_BackGroundColor: {r: 0.19215687, g: 0.3019608, b: 0.4745098, a: 0}
  m_NormalizedViewPortRect:
    serializedVersion: 2
    x: 0
    y: 0
    width: 1
    height: 1
  near clip plane: 0.3
  far clip plane: 1000
  field of view: 60
  orthographic: 0
  orthographic size: 5
  m_Depth: -1
  m_CullingMask:
    serializedVersion: 2
    m_Bits: 4294967295
  m_RenderingPath: -1
  m_TargetTexture: {fileID: 0}
  m_TargetDisplay: 0
  m_TargetEye: 3
  m_HDR: 1
  m_AllowMSAA: 1
  m_ForceIntoRT: 0
  m_OcclusionCulling: 1
  m_StereoConvergence: 10
  m_StereoSeparation: 0.022
  m_StereoMirrorMode: 0
--- !u!4 &601564339
Transform:
  m_ObjectHideFlags: 0
  m_PrefabParentObject: {fileID: 0}
  m_PrefabInternal: {fileID: 0}
  m_GameObject: {fileID: 601564334}
  m_LocalRotation: {x: 0, y: 0, z: 0, w: 1}
  m_LocalPosition: {x: 0, y: 1, z: -10}
  m_LocalScale: {x: 1, y: 1, z: 1}
  m_Children: []
  m_Father: {fileID: 0}
  m_RootOrder: 0
  m_LocalEulerAnglesHint: {x: 0, y: 0, z: 0}
--- !u!1 &672093004
GameObject:
  m_ObjectHideFlags: 0
  m_PrefabParentObject: {fileID: 0}
  m_PrefabInternal: {fileID: 0}
  serializedVersion: 5
  m_Component:
  - component: {fileID: 672093006}
  - component: {fileID: 672093005}
  m_Layer: 0
  m_Name: PathHolder
  m_TagString: Untagged
  m_Icon: {fileID: 0}
  m_NavMeshLayer: 0
  m_StaticEditorFlags: 0
  m_IsActive: 1
--- !u!114 &672093005
MonoBehaviour:
  m_ObjectHideFlags: 0
  m_PrefabParentObject: {fileID: 0}
  m_PrefabInternal: {fileID: 0}
  m_GameObject: {fileID: 672093004}
  m_Enabled: 1
  m_EditorHideFlags: 0
  m_Script: {fileID: 11500000, guid: 3a7c8f76834d2c448a5006d01f1007b4, type: 3}
  m_Name: 
  m_EditorClassIdentifier: 
  PointsArray: {fileID: 4904617888414262, guid: bcc2bc7f1e0df3048802807f09019664,
    type: 2}
  Path:
  - {fileID: 4179030851792312, guid: bcc2bc7f1e0df3048802807f09019664, type: 2}
  - {fileID: 4326672727902876, guid: bcc2bc7f1e0df3048802807f09019664, type: 2}
  - {fileID: 4010962824032310, guid: bcc2bc7f1e0df3048802807f09019664, type: 2}
  - {fileID: 4939970252437082, guid: bcc2bc7f1e0df3048802807f09019664, type: 2}
  - {fileID: 4828493749375340, guid: bcc2bc7f1e0df3048802807f09019664, type: 2}
  - {fileID: 4612508095230504, guid: bcc2bc7f1e0df3048802807f09019664, type: 2}
  - {fileID: 4525212221026168, guid: bcc2bc7f1e0df3048802807f09019664, type: 2}
  - {fileID: 4513930630856176, guid: bcc2bc7f1e0df3048802807f09019664, type: 2}
  - {fileID: 4156748755495524, guid: bcc2bc7f1e0df3048802807f09019664, type: 2}
  - {fileID: 4518994297474128, guid: bcc2bc7f1e0df3048802807f09019664, type: 2}
  - {fileID: 4309040699970142, guid: bcc2bc7f1e0df3048802807f09019664, type: 2}
  - {fileID: 4297099984271338, guid: bcc2bc7f1e0df3048802807f09019664, type: 2}
  - {fileID: 4578932657190130, guid: bcc2bc7f1e0df3048802807f09019664, type: 2}
  - {fileID: 4506980233822586, guid: bcc2bc7f1e0df3048802807f09019664, type: 2}
  - {fileID: 4860677667269188, guid: bcc2bc7f1e0df3048802807f09019664, type: 2}
  - {fileID: 4859854338479914, guid: bcc2bc7f1e0df3048802807f09019664, type: 2}
  - {fileID: 4304600674578110, guid: bcc2bc7f1e0df3048802807f09019664, type: 2}
  - {fileID: 4708582107860006, guid: bcc2bc7f1e0df3048802807f09019664, type: 2}
  - {fileID: 4208710514748132, guid: bcc2bc7f1e0df3048802807f09019664, type: 2}
  - {fileID: 4375669699959416, guid: bcc2bc7f1e0df3048802807f09019664, type: 2}
  - {fileID: 4472244554707088, guid: bcc2bc7f1e0df3048802807f09019664, type: 2}
  - {fileID: 4964966761267910, guid: bcc2bc7f1e0df3048802807f09019664, type: 2}
  - {fileID: 4213284601531124, guid: bcc2bc7f1e0df3048802807f09019664, type: 2}
  - {fileID: 4922625697573510, guid: bcc2bc7f1e0df3048802807f09019664, type: 2}
  - {fileID: 4570219163500470, guid: bcc2bc7f1e0df3048802807f09019664, type: 2}
  - {fileID: 4009753827655316, guid: bcc2bc7f1e0df3048802807f09019664, type: 2}
  - {fileID: 4360378773002158, guid: bcc2bc7f1e0df3048802807f09019664, type: 2}
  - {fileID: 4427064113501712, guid: bcc2bc7f1e0df3048802807f09019664, type: 2}
  - {fileID: 4643883026353818, guid: bcc2bc7f1e0df3048802807f09019664, type: 2}
  - {fileID: 4838660515212232, guid: bcc2bc7f1e0df3048802807f09019664, type: 2}
  - {fileID: 4421760514889652, guid: bcc2bc7f1e0df3048802807f09019664, type: 2}
  - {fileID: 4523271743681314, guid: bcc2bc7f1e0df3048802807f09019664, type: 2}
  - {fileID: 4325535517569438, guid: bcc2bc7f1e0df3048802807f09019664, type: 2}
  - {fileID: 4619496994278220, guid: bcc2bc7f1e0df3048802807f09019664, type: 2}
  - {fileID: 4061542226332586, guid: bcc2bc7f1e0df3048802807f09019664, type: 2}
  - {fileID: 4385248472688100, guid: bcc2bc7f1e0df3048802807f09019664, type: 2}
  - {fileID: 4852928560238898, guid: bcc2bc7f1e0df3048802807f09019664, type: 2}
  - {fileID: 4506082191970354, guid: bcc2bc7f1e0df3048802807f09019664, type: 2}
  - {fileID: 4385728886682394, guid: bcc2bc7f1e0df3048802807f09019664, type: 2}
  - {fileID: 4090121307656434, guid: bcc2bc7f1e0df3048802807f09019664, type: 2}
  - {fileID: 4838239011892428, guid: bcc2bc7f1e0df3048802807f09019664, type: 2}
  - {fileID: 4227810926790168, guid: bcc2bc7f1e0df3048802807f09019664, type: 2}
  - {fileID: 4785315208525048, guid: bcc2bc7f1e0df3048802807f09019664, type: 2}
  - {fileID: 4321871933608884, guid: bcc2bc7f1e0df3048802807f09019664, type: 2}
  - {fileID: 4222341609618524, guid: bcc2bc7f1e0df3048802807f09019664, type: 2}
  - {fileID: 4267150931571048, guid: bcc2bc7f1e0df3048802807f09019664, type: 2}
  - {fileID: 4109614938573592, guid: bcc2bc7f1e0df3048802807f09019664, type: 2}
  - {fileID: 4523683174960498, guid: bcc2bc7f1e0df3048802807f09019664, type: 2}
  - {fileID: 4702814301021416, guid: bcc2bc7f1e0df3048802807f09019664, type: 2}
  - {fileID: 4893430322851508, guid: bcc2bc7f1e0df3048802807f09019664, type: 2}
  - {fileID: 4632821157540698, guid: bcc2bc7f1e0df3048802807f09019664, type: 2}
  - {fileID: 4883530840232348, guid: bcc2bc7f1e0df3048802807f09019664, type: 2}
  - {fileID: 4756056734304196, guid: bcc2bc7f1e0df3048802807f09019664, type: 2}
  - {fileID: 4319392994601398, guid: bcc2bc7f1e0df3048802807f09019664, type: 2}
  - {fileID: 4708110021073726, guid: bcc2bc7f1e0df3048802807f09019664, type: 2}
  - {fileID: 4113697317043254, guid: bcc2bc7f1e0df3048802807f09019664, type: 2}
  - {fileID: 4718079664587646, guid: bcc2bc7f1e0df3048802807f09019664, type: 2}
  - {fileID: 4660038560479128, guid: bcc2bc7f1e0df3048802807f09019664, type: 2}
  - {fileID: 4738118377030510, guid: bcc2bc7f1e0df3048802807f09019664, type: 2}
  - {fileID: 4752628611740672, guid: bcc2bc7f1e0df3048802807f09019664, type: 2}
  - {fileID: 4932598915475356, guid: bcc2bc7f1e0df3048802807f09019664, type: 2}
  - {fileID: 4781351722145656, guid: bcc2bc7f1e0df3048802807f09019664, type: 2}
  - {fileID: 4181697279286812, guid: bcc2bc7f1e0df3048802807f09019664, type: 2}
  - {fileID: 4572462056396790, guid: bcc2bc7f1e0df3048802807f09019664, type: 2}
  - {fileID: 4019901709150946, guid: bcc2bc7f1e0df3048802807f09019664, type: 2}
  - {fileID: 4786618118806790, guid: bcc2bc7f1e0df3048802807f09019664, type: 2}
  - {fileID: 4276762974071280, guid: bcc2bc7f1e0df3048802807f09019664, type: 2}
  - {fileID: 4688250290352256, guid: bcc2bc7f1e0df3048802807f09019664, type: 2}
  - {fileID: 4627798983851720, guid: bcc2bc7f1e0df3048802807f09019664, type: 2}
  - {fileID: 4571244105701766, guid: bcc2bc7f1e0df3048802807f09019664, type: 2}
  - {fileID: 4269614087115706, guid: bcc2bc7f1e0df3048802807f09019664, type: 2}
  - {fileID: 4310235258883904, guid: bcc2bc7f1e0df3048802807f09019664, type: 2}
  - {fileID: 4799444623808606, guid: bcc2bc7f1e0df3048802807f09019664, type: 2}
  - {fileID: 4754128692086652, guid: bcc2bc7f1e0df3048802807f09019664, type: 2}
  - {fileID: 4577662811648920, guid: bcc2bc7f1e0df3048802807f09019664, type: 2}
  - {fileID: 4496734032122814, guid: bcc2bc7f1e0df3048802807f09019664, type: 2}
  - {fileID: 4506090368493002, guid: bcc2bc7f1e0df3048802807f09019664, type: 2}
  - {fileID: 4308394953767724, guid: bcc2bc7f1e0df3048802807f09019664, type: 2}
  - {fileID: 4165815098623462, guid: bcc2bc7f1e0df3048802807f09019664, type: 2}
  - {fileID: 4168023421550012, guid: bcc2bc7f1e0df3048802807f09019664, type: 2}
  - {fileID: 4317534316767150, guid: bcc2bc7f1e0df3048802807f09019664, type: 2}
  - {fileID: 4258722139249876, guid: bcc2bc7f1e0df3048802807f09019664, type: 2}
  - {fileID: 4781478819007548, guid: bcc2bc7f1e0df3048802807f09019664, type: 2}
  - {fileID: 4036268509093430, guid: bcc2bc7f1e0df3048802807f09019664, type: 2}
  - {fileID: 4590500066659848, guid: bcc2bc7f1e0df3048802807f09019664, type: 2}
  - {fileID: 4644340732842276, guid: bcc2bc7f1e0df3048802807f09019664, type: 2}
  - {fileID: 4994320853694436, guid: bcc2bc7f1e0df3048802807f09019664, type: 2}
  - {fileID: 4630111399588992, guid: bcc2bc7f1e0df3048802807f09019664, type: 2}
  - {fileID: 4922813762479344, guid: bcc2bc7f1e0df3048802807f09019664, type: 2}
  - {fileID: 4274303931176190, guid: bcc2bc7f1e0df3048802807f09019664, type: 2}
  - {fileID: 4629270204483010, guid: bcc2bc7f1e0df3048802807f09019664, type: 2}
  - {fileID: 4277088277943856, guid: bcc2bc7f1e0df3048802807f09019664, type: 2}
  - {fileID: 4882722833795578, guid: bcc2bc7f1e0df3048802807f09019664, type: 2}
  - {fileID: 4421754368741652, guid: bcc2bc7f1e0df3048802807f09019664, type: 2}
  - {fileID: 4840503071935028, guid: bcc2bc7f1e0df3048802807f09019664, type: 2}
  - {fileID: 4767111886765808, guid: bcc2bc7f1e0df3048802807f09019664, type: 2}
  - {fileID: 4403013201405028, guid: bcc2bc7f1e0df3048802807f09019664, type: 2}
  - {fileID: 4798397931133242, guid: bcc2bc7f1e0df3048802807f09019664, type: 2}
  - {fileID: 4849229681874008, guid: bcc2bc7f1e0df3048802807f09019664, type: 2}
  - {fileID: 4491394029716924, guid: bcc2bc7f1e0df3048802807f09019664, type: 2}
  - {fileID: 4386609652531424, guid: bcc2bc7f1e0df3048802807f09019664, type: 2}
  - {fileID: 4847073731083438, guid: bcc2bc7f1e0df3048802807f09019664, type: 2}
  - {fileID: 4892969025251682, guid: bcc2bc7f1e0df3048802807f09019664, type: 2}
  - {fileID: 4763475794213962, guid: bcc2bc7f1e0df3048802807f09019664, type: 2}
  - {fileID: 4036292418225534, guid: bcc2bc7f1e0df3048802807f09019664, type: 2}
  - {fileID: 4278807361898958, guid: bcc2bc7f1e0df3048802807f09019664, type: 2}
  - {fileID: 4715305897093664, guid: bcc2bc7f1e0df3048802807f09019664, type: 2}
  - {fileID: 4547272271399792, guid: bcc2bc7f1e0df3048802807f09019664, type: 2}
  - {fileID: 4872628020965906, guid: bcc2bc7f1e0df3048802807f09019664, type: 2}
  - {fileID: 4106806594396552, guid: bcc2bc7f1e0df3048802807f09019664, type: 2}
  - {fileID: 4481286384552116, guid: bcc2bc7f1e0df3048802807f09019664, type: 2}
  - {fileID: 4951864768552574, guid: bcc2bc7f1e0df3048802807f09019664, type: 2}
  - {fileID: 4950892743789646, guid: bcc2bc7f1e0df3048802807f09019664, type: 2}
  - {fileID: 4505472324472568, guid: bcc2bc7f1e0df3048802807f09019664, type: 2}
  - {fileID: 4852625139938388, guid: bcc2bc7f1e0df3048802807f09019664, type: 2}
  - {fileID: 4830013465970950, guid: bcc2bc7f1e0df3048802807f09019664, type: 2}
  - {fileID: 4070731398231012, guid: bcc2bc7f1e0df3048802807f09019664, type: 2}
  - {fileID: 4121566138653496, guid: bcc2bc7f1e0df3048802807f09019664, type: 2}
  - {fileID: 4167265982328398, guid: bcc2bc7f1e0df3048802807f09019664, type: 2}
  - {fileID: 4928508182177900, guid: bcc2bc7f1e0df3048802807f09019664, type: 2}
  - {fileID: 4953662021607198, guid: bcc2bc7f1e0df3048802807f09019664, type: 2}
  - {fileID: 4104385511213480, guid: bcc2bc7f1e0df3048802807f09019664, type: 2}
  - {fileID: 4397081693483554, guid: bcc2bc7f1e0df3048802807f09019664, type: 2}
  - {fileID: 4865406689733244, guid: bcc2bc7f1e0df3048802807f09019664, type: 2}
  - {fileID: 4371612475001270, guid: bcc2bc7f1e0df3048802807f09019664, type: 2}
  - {fileID: 4760182340276982, guid: bcc2bc7f1e0df3048802807f09019664, type: 2}
  - {fileID: 4405449269327038, guid: bcc2bc7f1e0df3048802807f09019664, type: 2}
  - {fileID: 4478732051451262, guid: bcc2bc7f1e0df3048802807f09019664, type: 2}
  - {fileID: 4903462325498858, guid: bcc2bc7f1e0df3048802807f09019664, type: 2}
  - {fileID: 4228379727303172, guid: bcc2bc7f1e0df3048802807f09019664, type: 2}
  - {fileID: 4916871153809276, guid: bcc2bc7f1e0df3048802807f09019664, type: 2}
  - {fileID: 4593136976527122, guid: bcc2bc7f1e0df3048802807f09019664, type: 2}
  - {fileID: 4085749852505952, guid: bcc2bc7f1e0df3048802807f09019664, type: 2}
  - {fileID: 4887190246746814, guid: bcc2bc7f1e0df3048802807f09019664, type: 2}
  - {fileID: 4166831314566034, guid: bcc2bc7f1e0df3048802807f09019664, type: 2}
  - {fileID: 4969817088956676, guid: bcc2bc7f1e0df3048802807f09019664, type: 2}
  - {fileID: 4100251470760448, guid: bcc2bc7f1e0df3048802807f09019664, type: 2}
  - {fileID: 4909282534559438, guid: bcc2bc7f1e0df3048802807f09019664, type: 2}
  - {fileID: 4005269790682804, guid: bcc2bc7f1e0df3048802807f09019664, type: 2}
  - {fileID: 4949157613717906, guid: bcc2bc7f1e0df3048802807f09019664, type: 2}
  - {fileID: 4198889740654890, guid: bcc2bc7f1e0df3048802807f09019664, type: 2}
  - {fileID: 4230557704924316, guid: bcc2bc7f1e0df3048802807f09019664, type: 2}
  - {fileID: 4321365435833872, guid: bcc2bc7f1e0df3048802807f09019664, type: 2}
  - {fileID: 4622253226283600, guid: bcc2bc7f1e0df3048802807f09019664, type: 2}
  - {fileID: 4339171430225716, guid: bcc2bc7f1e0df3048802807f09019664, type: 2}
  - {fileID: 4044885798331656, guid: bcc2bc7f1e0df3048802807f09019664, type: 2}
  - {fileID: 4818179511958740, guid: bcc2bc7f1e0df3048802807f09019664, type: 2}
  - {fileID: 4406627526286574, guid: bcc2bc7f1e0df3048802807f09019664, type: 2}
  - {fileID: 4844349499595460, guid: bcc2bc7f1e0df3048802807f09019664, type: 2}
  - {fileID: 4639208495441550, guid: bcc2bc7f1e0df3048802807f09019664, type: 2}
--- !u!4 &672093006
Transform:
  m_ObjectHideFlags: 0
  m_PrefabParentObject: {fileID: 0}
  m_PrefabInternal: {fileID: 0}
  m_GameObject: {fileID: 672093004}
  m_LocalRotation: {x: -0, y: -0, z: -0, w: 1}
  m_LocalPosition: {x: 0, y: 0, z: 0}
  m_LocalScale: {x: 1, y: 1, z: 1}
  m_Children: []
  m_Father: {fileID: 821275447}
  m_RootOrder: 0
  m_LocalEulerAnglesHint: {x: 0, y: 0, z: 0}
--- !u!1 &821275445
GameObject:
  m_ObjectHideFlags: 0
  m_PrefabParentObject: {fileID: 0}
  m_PrefabInternal: {fileID: 0}
  serializedVersion: 5
  m_Component:
  - component: {fileID: 821275447}
  - component: {fileID: 821275446}
  m_Layer: 0
  m_Name: CompositionRoot
  m_TagString: Untagged
  m_Icon: {fileID: 0}
  m_NavMeshLayer: 0
  m_StaticEditorFlags: 0
  m_IsActive: 1
--- !u!114 &821275446
MonoBehaviour:
  m_ObjectHideFlags: 0
  m_PrefabParentObject: {fileID: 0}
  m_PrefabInternal: {fileID: 0}
  m_GameObject: {fileID: 821275445}
  m_Enabled: 1
  m_EditorHideFlags: 0
  m_Script: {fileID: 11500000, guid: 07a433e4849803a46a87a09a548d8eca, type: 3}
  m_Name: 
  m_EditorClassIdentifier: 
  subsribed: 0
  path_holder: {fileID: 672093005}
--- !u!4 &821275447
Transform:
  m_ObjectHideFlags: 0
  m_PrefabParentObject: {fileID: 0}
  m_PrefabInternal: {fileID: 0}
  m_GameObject: {fileID: 821275445}
  m_LocalRotation: {x: -0, y: -0, z: -0, w: 1}
  m_LocalPosition: {x: -0, y: 1, z: -10}
  m_LocalScale: {x: 1, y: 1, z: 1}
  m_Children:
  - {fileID: 672093006}
  - {fileID: 341403660}
  - {fileID: 527184191}
  m_Father: {fileID: 0}
  m_RootOrder: 4
  m_LocalEulerAnglesHint: {x: 0, y: 0, z: 0}
--- !u!1 &1000890206
GameObject:
  m_ObjectHideFlags: 0
  m_PrefabParentObject: {fileID: 0}
  m_PrefabInternal: {fileID: 0}
  serializedVersion: 5
  m_Component:
  - component: {fileID: 1000890208}
  - component: {fileID: 1000890207}
  m_Layer: 0
  m_Name: Directional Light
  m_TagString: Untagged
  m_Icon: {fileID: 0}
  m_NavMeshLayer: 0
  m_StaticEditorFlags: 0
  m_IsActive: 1
--- !u!108 &1000890207
Light:
  m_ObjectHideFlags: 0
  m_PrefabParentObject: {fileID: 0}
  m_PrefabInternal: {fileID: 0}
  m_GameObject: {fileID: 1000890206}
  m_Enabled: 1
  serializedVersion: 8
  m_Type: 1
  m_Color: {r: 1, g: 0.95686275, b: 0.8392157, a: 1}
  m_Intensity: 1
  m_Range: 10
  m_SpotAngle: 30
  m_CookieSize: 10
  m_Shadows:
    m_Type: 2
    m_Resolution: -1
    m_CustomResolution: -1
    m_Strength: 1
    m_Bias: 0.05
    m_NormalBias: 0.4
    m_NearPlane: 0.2
  m_Cookie: {fileID: 0}
  m_DrawHalo: 0
  m_Flare: {fileID: 0}
  m_RenderMode: 0
  m_CullingMask:
    serializedVersion: 2
    m_Bits: 4294967295
  m_Lightmapping: 4
  m_AreaSize: {x: 1, y: 1}
  m_BounceIntensity: 1
  m_ColorTemperature: 6570
  m_UseColorTemperature: 0
  m_ShadowRadius: 0
  m_ShadowAngle: 0
--- !u!4 &1000890208
Transform:
  m_ObjectHideFlags: 0
  m_PrefabParentObject: {fileID: 0}
  m_PrefabInternal: {fileID: 0}
  m_GameObject: {fileID: 1000890206}
  m_LocalRotation: {x: 0.40821788, y: -0.23456968, z: 0.10938163, w: 0.8754261}
  m_LocalPosition: {x: 0, y: 3, z: 0}
  m_LocalScale: {x: 1, y: 1, z: 1}
  m_Children: []
  m_Father: {fileID: 0}
  m_RootOrder: 1
  m_LocalEulerAnglesHint: {x: 50, y: -30, z: 0}
