%YAML 1.1
%TAG !u! tag:unity3d.com,2011:
--- !u!29 &1
OcclusionCullingSettings:
  m_ObjectHideFlags: 0
  serializedVersion: 2
  m_OcclusionBakeSettings:
    smallestOccluder: 5
    smallestHole: 0.25
    backfaceThreshold: 100
  m_SceneGUID: 00000000000000000000000000000000
  m_OcclusionCullingData: {fileID: 0}
--- !u!104 &2
RenderSettings:
  m_ObjectHideFlags: 0
  serializedVersion: 8
  m_Fog: 0
  m_FogColor: {r: 0.5, g: 0.5, b: 0.5, a: 1}
  m_FogMode: 3
  m_FogDensity: 0.01
  m_LinearFogStart: 0
  m_LinearFogEnd: 300
  m_AmbientSkyColor: {r: 0.212, g: 0.227, b: 0.259, a: 1}
  m_AmbientEquatorColor: {r: 0.114, g: 0.125, b: 0.133, a: 1}
  m_AmbientGroundColor: {r: 0.047, g: 0.043, b: 0.035, a: 1}
  m_AmbientIntensity: 1
  m_AmbientMode: 0
  m_SubtractiveShadowColor: {r: 0.42, g: 0.478, b: 0.627, a: 1}
  m_SkyboxMaterial: {fileID: 10304, guid: 0000000000000000f000000000000000, type: 0}
  m_HaloStrength: 0.5
  m_FlareStrength: 1
  m_FlareFadeSpeed: 3
  m_HaloTexture: {fileID: 0}
  m_SpotCookie: {fileID: 10001, guid: 0000000000000000e000000000000000, type: 0}
  m_DefaultReflectionMode: 0
  m_DefaultReflectionResolution: 128
  m_ReflectionBounces: 1
  m_ReflectionIntensity: 1
  m_CustomReflection: {fileID: 0}
  m_Sun: {fileID: 0}
  m_IndirectSpecularColor: {r: 0.44657844, g: 0.49641222, b: 0.57481694, a: 1}
--- !u!157 &3
LightmapSettings:
  m_ObjectHideFlags: 0
  serializedVersion: 11
  m_GIWorkflowMode: 0
  m_GISettings:
    serializedVersion: 2
    m_BounceScale: 1
    m_IndirectOutputScale: 1
    m_AlbedoBoost: 1
    m_TemporalCoherenceThreshold: 1
    m_EnvironmentLightingMode: 0
    m_EnableBakedLightmaps: 1
    m_EnableRealtimeLightmaps: 1
  m_LightmapEditorSettings:
    serializedVersion: 9
    m_Resolution: 2
    m_BakeResolution: 40
    m_TextureWidth: 1024
    m_TextureHeight: 1024
    m_AO: 0
    m_AOMaxDistance: 1
    m_CompAOExponent: 1
    m_CompAOExponentDirect: 0
    m_Padding: 2
    m_LightmapParameters: {fileID: 0}
    m_LightmapsBakeMode: 1
    m_TextureCompression: 1
    m_FinalGather: 0
    m_FinalGatherFiltering: 1
    m_FinalGatherRayCount: 256
    m_ReflectionCompression: 2
    m_MixedBakeMode: 2
    m_BakeBackend: 0
    m_PVRSampling: 1
    m_PVRDirectSampleCount: 32
    m_PVRSampleCount: 500
    m_PVRBounces: 2
    m_PVRFilterTypeDirect: 0
    m_PVRFilterTypeIndirect: 0
    m_PVRFilterTypeAO: 0
    m_PVRFilteringMode: 1
    m_PVRCulling: 1
    m_PVRFilteringGaussRadiusDirect: 1
    m_PVRFilteringGaussRadiusIndirect: 5
    m_PVRFilteringGaussRadiusAO: 2
    m_PVRFilteringAtrousPositionSigmaDirect: 0.5
    m_PVRFilteringAtrousPositionSigmaIndirect: 2
    m_PVRFilteringAtrousPositionSigmaAO: 1
    m_ShowResolutionOverlay: 1
  m_LightingDataAsset: {fileID: 0}
  m_UseShadowmask: 1
--- !u!196 &4
NavMeshSettings:
  serializedVersion: 2
  m_ObjectHideFlags: 0
  m_BuildSettings:
    serializedVersion: 2
    agentTypeID: 0
    agentRadius: 0.5
    agentHeight: 2
    agentSlope: 45
    agentClimb: 0.4
    ledgeDropHeight: 0
    maxJumpAcrossDistance: 0
    minRegionArea: 2
    manualCellSize: 0
    cellSize: 0.16666667
    manualTileSize: 0
    tileSize: 256
    accuratePlacement: 0
    debug:
      m_Flags: 0
  m_NavMeshData: {fileID: 0}
--- !u!4 &1321737 stripped
Transform:
  m_PrefabParentObject: {fileID: 4865406689733244, guid: bcc2bc7f1e0df3048802807f09019664,
    type: 2}
  m_PrefabInternal: {fileID: 1426701860}
--- !u!4 &9825870 stripped
Transform:
  m_PrefabParentObject: {fileID: 4953662021607198, guid: bcc2bc7f1e0df3048802807f09019664,
    type: 2}
  m_PrefabInternal: {fileID: 1426701860}
--- !u!4 &33934201 stripped
Transform:
  m_PrefabParentObject: {fileID: 4781351722145656, guid: bcc2bc7f1e0df3048802807f09019664,
    type: 2}
  m_PrefabInternal: {fileID: 1426701860}
--- !u!4 &64280008 stripped
Transform:
  m_PrefabParentObject: {fileID: 4166831314566034, guid: bcc2bc7f1e0df3048802807f09019664,
    type: 2}
  m_PrefabInternal: {fileID: 1426701860}
--- !u!4 &69062976 stripped
Transform:
  m_PrefabParentObject: {fileID: 4277088277943856, guid: bcc2bc7f1e0df3048802807f09019664,
    type: 2}
  m_PrefabInternal: {fileID: 1426701860}
--- !u!4 &79647598 stripped
Transform:
  m_PrefabParentObject: {fileID: 4830013465970950, guid: bcc2bc7f1e0df3048802807f09019664,
    type: 2}
  m_PrefabInternal: {fileID: 1426701860}
--- !u!4 &83251159 stripped
Transform:
  m_PrefabParentObject: {fileID: 4859854338479914, guid: bcc2bc7f1e0df3048802807f09019664,
    type: 2}
  m_PrefabInternal: {fileID: 1426701860}
--- !u!4 &105118128 stripped
Transform:
  m_PrefabParentObject: {fileID: 4570219163500470, guid: bcc2bc7f1e0df3048802807f09019664,
    type: 2}
  m_PrefabInternal: {fileID: 1426701860}
--- !u!1 &115100706
GameObject:
  m_ObjectHideFlags: 0
  m_PrefabParentObject: {fileID: 0}
  m_PrefabInternal: {fileID: 0}
  serializedVersion: 5
  m_Component:
  - component: {fileID: 115100710}
  - component: {fileID: 115100709}
  - component: {fileID: 115100708}
  - component: {fileID: 115100707}
  - component: {fileID: 115100711}
  - component: {fileID: 115100712}
  m_Layer: 0
  m_Name: Main Camera
  m_TagString: MainCamera
  m_Icon: {fileID: 0}
  m_NavMeshLayer: 0
  m_StaticEditorFlags: 0
  m_IsActive: 1
--- !u!81 &115100707
AudioListener:
  m_ObjectHideFlags: 0
  m_PrefabParentObject: {fileID: 0}
  m_PrefabInternal: {fileID: 0}
  m_GameObject: {fileID: 115100706}
  m_Enabled: 1
--- !u!124 &115100708
Behaviour:
  m_ObjectHideFlags: 0
  m_PrefabParentObject: {fileID: 0}
  m_PrefabInternal: {fileID: 0}
  m_GameObject: {fileID: 115100706}
  m_Enabled: 1
--- !u!20 &115100709
Camera:
  m_ObjectHideFlags: 0
  m_PrefabParentObject: {fileID: 0}
  m_PrefabInternal: {fileID: 0}
  m_GameObject: {fileID: 115100706}
  m_Enabled: 1
  serializedVersion: 2
  m_ClearFlags: 1
  m_BackGroundColor: {r: 0.19215687, g: 0.3019608, b: 0.4745098, a: 0}
  m_NormalizedViewPortRect:
    serializedVersion: 2
    x: 0
    y: 0
    width: 1
    height: 1
  near clip plane: 0.3
  far clip plane: 1000
  field of view: 60
  orthographic: 0
  orthographic size: 5
  m_Depth: -1
  m_CullingMask:
    serializedVersion: 2
    m_Bits: 4294967295
  m_RenderingPath: -1
  m_TargetTexture: {fileID: 0}
  m_TargetDisplay: 0
  m_TargetEye: 3
  m_HDR: 1
  m_AllowMSAA: 1
  m_AllowDynamicResolution: 0
  m_ForceIntoRT: 0
  m_OcclusionCulling: 1
  m_StereoConvergence: 10
  m_StereoSeparation: 0.022
--- !u!4 &115100710
Transform:
  m_ObjectHideFlags: 0
  m_PrefabParentObject: {fileID: 0}
  m_PrefabInternal: {fileID: 0}
  m_GameObject: {fileID: 115100706}
  m_LocalRotation: {x: 0, y: 0, z: 0, w: 1}
  m_LocalPosition: {x: 0, y: 1, z: -10}
  m_LocalScale: {x: 1, y: 1, z: 1}
  m_Children: []
  m_Father: {fileID: 0}
  m_RootOrder: 0
  m_LocalEulerAnglesHint: {x: 0, y: 0, z: 0}
--- !u!114 &115100711
MonoBehaviour:
  m_ObjectHideFlags: 0
  m_PrefabParentObject: {fileID: 0}
  m_PrefabInternal: {fileID: 0}
  m_GameObject: {fileID: 115100706}
  m_Enabled: 1
  m_EditorHideFlags: 0
  m_Script: {fileID: 11500000, guid: 0647f047c8e1bc147ba4f9fcb2abeaa0, type: 3}
  m_Name: 
  m_EditorClassIdentifier: 
  subsribed: 0
  camera: {fileID: 115100709}
  aim_object: {fileID: 1047086032}
  pathWalker: {fileID: 0}
  up_vector: 1
  Control: {fileID: 0}
  angle: 0
  acceleration: 0
--- !u!65 &115100712
BoxCollider:
  m_ObjectHideFlags: 0
  m_PrefabParentObject: {fileID: 0}
  m_PrefabInternal: {fileID: 0}
  m_GameObject: {fileID: 115100706}
  m_Material: {fileID: 0}
  m_IsTrigger: 0
  m_Enabled: 1
  serializedVersion: 2
  m_Size: {x: 1, y: 1, z: 1}
  m_Center: {x: 0, y: 0, z: 0}
--- !u!4 &116677295 stripped
Transform:
  m_PrefabParentObject: {fileID: 4643883026353818, guid: bcc2bc7f1e0df3048802807f09019664,
    type: 2}
  m_PrefabInternal: {fileID: 1426701860}
--- !u!4 &118059689 stripped
Transform:
  m_PrefabParentObject: {fileID: 4213284601531124, guid: bcc2bc7f1e0df3048802807f09019664,
    type: 2}
  m_PrefabInternal: {fileID: 1426701860}
--- !u!4 &120574400 stripped
Transform:
  m_PrefabParentObject: {fileID: 4547272271399792, guid: bcc2bc7f1e0df3048802807f09019664,
    type: 2}
  m_PrefabInternal: {fileID: 1426701860}
--- !u!4 &127417558 stripped
Transform:
  m_PrefabParentObject: {fileID: 4421760514889652, guid: bcc2bc7f1e0df3048802807f09019664,
    type: 2}
  m_PrefabInternal: {fileID: 1426701860}
--- !u!4 &151608485 stripped
Transform:
  m_PrefabParentObject: {fileID: 4593136976527122, guid: bcc2bc7f1e0df3048802807f09019664,
    type: 2}
  m_PrefabInternal: {fileID: 1426701860}
--- !u!4 &192832568 stripped
Transform:
  m_PrefabParentObject: {fileID: 4472244554707088, guid: bcc2bc7f1e0df3048802807f09019664,
    type: 2}
  m_PrefabInternal: {fileID: 1426701860}
--- !u!4 &204707461 stripped
Transform:
  m_PrefabParentObject: {fileID: 4267150931571048, guid: bcc2bc7f1e0df3048802807f09019664,
    type: 2}
  m_PrefabInternal: {fileID: 1426701860}
--- !u!4 &211538356 stripped
Transform:
  m_PrefabParentObject: {fileID: 4228379727303172, guid: bcc2bc7f1e0df3048802807f09019664,
    type: 2}
  m_PrefabInternal: {fileID: 1426701860}
--- !u!4 &233114921 stripped
Transform:
  m_PrefabParentObject: {fileID: 4010962824032310, guid: bcc2bc7f1e0df3048802807f09019664,
    type: 2}
  m_PrefabInternal: {fileID: 1426701860}
--- !u!4 &236112568 stripped
Transform:
  m_PrefabParentObject: {fileID: 4622253226283600, guid: bcc2bc7f1e0df3048802807f09019664,
    type: 2}
  m_PrefabInternal: {fileID: 1426701860}
--- !u!4 &246377393 stripped
Transform:
  m_PrefabParentObject: {fileID: 4506980233822586, guid: bcc2bc7f1e0df3048802807f09019664,
    type: 2}
  m_PrefabInternal: {fileID: 1426701860}
--- !u!4 &249216844 stripped
Transform:
  m_PrefabParentObject: {fileID: 4844349499595460, guid: bcc2bc7f1e0df3048802807f09019664,
    type: 2}
  m_PrefabInternal: {fileID: 1426701860}
--- !u!4 &251247116 stripped
Transform:
  m_PrefabParentObject: {fileID: 4319392994601398, guid: bcc2bc7f1e0df3048802807f09019664,
    type: 2}
  m_PrefabInternal: {fileID: 1426701860}
--- !u!4 &263496138 stripped
Transform:
  m_PrefabParentObject: {fileID: 4090121307656434, guid: bcc2bc7f1e0df3048802807f09019664,
    type: 2}
  m_PrefabInternal: {fileID: 1426701860}
--- !u!4 &308127727 stripped
Transform:
  m_PrefabParentObject: {fileID: 4222341609618524, guid: bcc2bc7f1e0df3048802807f09019664,
    type: 2}
  m_PrefabInternal: {fileID: 1426701860}
--- !u!4 &308902229 stripped
Transform:
  m_PrefabParentObject: {fileID: 4964966761267910, guid: bcc2bc7f1e0df3048802807f09019664,
    type: 2}
  m_PrefabInternal: {fileID: 1426701860}
--- !u!4 &310254280 stripped
Transform:
  m_PrefabParentObject: {fileID: 4274303931176190, guid: bcc2bc7f1e0df3048802807f09019664,
    type: 2}
  m_PrefabInternal: {fileID: 1426701860}
--- !u!4 &319932057 stripped
Transform:
  m_PrefabParentObject: {fileID: 4309040699970142, guid: bcc2bc7f1e0df3048802807f09019664,
    type: 2}
  m_PrefabInternal: {fileID: 1426701860}
--- !u!4 &341141573 stripped
Transform:
  m_PrefabParentObject: {fileID: 4156748755495524, guid: bcc2bc7f1e0df3048802807f09019664,
    type: 2}
  m_PrefabInternal: {fileID: 1426701860}
--- !u!1 &347359891
GameObject:
  m_ObjectHideFlags: 0
  m_PrefabParentObject: {fileID: 0}
  m_PrefabInternal: {fileID: 0}
  serializedVersion: 5
  m_Component:
  - component: {fileID: 347359894}
  - component: {fileID: 347359893}
  - component: {fileID: 347359892}
  m_Layer: 0
  m_Name: Game
  m_TagString: Untagged
  m_Icon: {fileID: 0}
  m_NavMeshLayer: 0
  m_StaticEditorFlags: 0
  m_IsActive: 1
--- !u!114 &347359892
MonoBehaviour:
  m_ObjectHideFlags: 0
  m_PrefabParentObject: {fileID: 0}
  m_PrefabInternal: {fileID: 0}
  m_GameObject: {fileID: 347359891}
  m_Enabled: 1
  m_EditorHideFlags: 0
  m_Script: {fileID: 11500000, guid: ad4a701e447f19042bf22e58e5f4c178, type: 3}
  m_Name: 
  m_EditorClassIdentifier: 
  subsribed: 0
  UnitySpline: {fileID: 2111957866}
--- !u!114 &347359893
MonoBehaviour:
  m_ObjectHideFlags: 0
  m_PrefabParentObject: {fileID: 0}
  m_PrefabInternal: {fileID: 0}
  m_GameObject: {fileID: 347359891}
  m_Enabled: 1
  m_EditorHideFlags: 0
  m_Script: {fileID: 11500000, guid: 64942aeca4fcf624c8265a48dc5850c6, type: 3}
  m_Name: 
  m_EditorClassIdentifier: 
--- !u!4 &347359894
Transform:
  m_ObjectHideFlags: 0
  m_PrefabParentObject: {fileID: 0}
  m_PrefabInternal: {fileID: 0}
  m_GameObject: {fileID: 347359891}
  m_LocalRotation: {x: 0, y: 0, z: 0, w: 1}
  m_LocalPosition: {x: 0.20778322, y: 2.7073007, z: 0.5070511}
  m_LocalScale: {x: 1, y: 1, z: 1}
  m_Children: []
  m_Father: {fileID: 0}
  m_RootOrder: 2
  m_LocalEulerAnglesHint: {x: 0, y: 0, z: 0}
--- !u!4 &365470289 stripped
Transform:
  m_PrefabParentObject: {fileID: 4893430322851508, guid: bcc2bc7f1e0df3048802807f09019664,
    type: 2}
  m_PrefabInternal: {fileID: 1426701860}
--- !u!4 &367800434 stripped
Transform:
  m_PrefabParentObject: {fileID: 4860677667269188, guid: bcc2bc7f1e0df3048802807f09019664,
    type: 2}
  m_PrefabInternal: {fileID: 1426701860}
--- !u!4 &372951863 stripped
Transform:
  m_PrefabParentObject: {fileID: 4904617888414262, guid: bcc2bc7f1e0df3048802807f09019664,
    type: 2}
  m_PrefabInternal: {fileID: 1426701860}
--- !u!4 &377257594 stripped
Transform:
  m_PrefabParentObject: {fileID: 4767111886765808, guid: bcc2bc7f1e0df3048802807f09019664,
    type: 2}
  m_PrefabInternal: {fileID: 1426701860}
--- !u!4 &384020318 stripped
Transform:
  m_PrefabParentObject: {fileID: 4849229681874008, guid: bcc2bc7f1e0df3048802807f09019664,
    type: 2}
  m_PrefabInternal: {fileID: 1426701860}
--- !u!4 &403365298 stripped
Transform:
  m_PrefabParentObject: {fileID: 4181697279286812, guid: bcc2bc7f1e0df3048802807f09019664,
    type: 2}
  m_PrefabInternal: {fileID: 1426701860}
--- !u!4 &407486311 stripped
Transform:
  m_PrefabParentObject: {fileID: 4571244105701766, guid: bcc2bc7f1e0df3048802807f09019664,
    type: 2}
  m_PrefabInternal: {fileID: 1426701860}
--- !u!4 &420781525 stripped
Transform:
  m_PrefabParentObject: {fileID: 4619496994278220, guid: bcc2bc7f1e0df3048802807f09019664,
    type: 2}
  m_PrefabInternal: {fileID: 1426701860}
--- !u!4 &424006704 stripped
Transform:
  m_PrefabParentObject: {fileID: 4523683174960498, guid: bcc2bc7f1e0df3048802807f09019664,
    type: 2}
  m_PrefabInternal: {fileID: 1426701860}
--- !u!4 &491456769 stripped
Transform:
  m_PrefabParentObject: {fileID: 4590500066659848, guid: bcc2bc7f1e0df3048802807f09019664,
    type: 2}
  m_PrefabInternal: {fileID: 1426701860}
--- !u!4 &499808008 stripped
Transform:
  m_PrefabParentObject: {fileID: 4036292418225534, guid: bcc2bc7f1e0df3048802807f09019664,
    type: 2}
  m_PrefabInternal: {fileID: 1426701860}
--- !u!4 &502182573 stripped
Transform:
  m_PrefabParentObject: {fileID: 4840503071935028, guid: bcc2bc7f1e0df3048802807f09019664,
    type: 2}
  m_PrefabInternal: {fileID: 1426701860}
--- !u!4 &557483690 stripped
Transform:
  m_PrefabParentObject: {fileID: 4427064113501712, guid: bcc2bc7f1e0df3048802807f09019664,
    type: 2}
  m_PrefabInternal: {fileID: 1426701860}
--- !u!4 &561568061 stripped
Transform:
  m_PrefabParentObject: {fileID: 4928508182177900, guid: bcc2bc7f1e0df3048802807f09019664,
    type: 2}
  m_PrefabInternal: {fileID: 1426701860}
--- !u!4 &580661753 stripped
Transform:
  m_PrefabParentObject: {fileID: 4227810926790168, guid: bcc2bc7f1e0df3048802807f09019664,
    type: 2}
  m_PrefabInternal: {fileID: 1426701860}
--- !u!4 &583464564 stripped
Transform:
  m_PrefabParentObject: {fileID: 4009753827655316, guid: bcc2bc7f1e0df3048802807f09019664,
    type: 2}
  m_PrefabInternal: {fileID: 1426701860}
--- !u!4 &587567204 stripped
Transform:
  m_PrefabParentObject: {fileID: 4513930630856176, guid: bcc2bc7f1e0df3048802807f09019664,
    type: 2}
  m_PrefabInternal: {fileID: 1426701860}
--- !u!4 &596111220 stripped
Transform:
  m_PrefabParentObject: {fileID: 4100251470760448, guid: bcc2bc7f1e0df3048802807f09019664,
    type: 2}
  m_PrefabInternal: {fileID: 1426701860}
--- !u!4 &605551086 stripped
Transform:
  m_PrefabParentObject: {fileID: 4708582107860006, guid: bcc2bc7f1e0df3048802807f09019664,
    type: 2}
  m_PrefabInternal: {fileID: 1426701860}
--- !u!4 &608067271 stripped
Transform:
  m_PrefabParentObject: {fileID: 4799444623808606, guid: bcc2bc7f1e0df3048802807f09019664,
    type: 2}
  m_PrefabInternal: {fileID: 1426701860}
--- !u!4 &613924937 stripped
Transform:
  m_PrefabParentObject: {fileID: 4786618118806790, guid: bcc2bc7f1e0df3048802807f09019664,
    type: 2}
  m_PrefabInternal: {fileID: 1426701860}
--- !u!4 &630123815 stripped
Transform:
  m_PrefabParentObject: {fileID: 4321871933608884, guid: bcc2bc7f1e0df3048802807f09019664,
    type: 2}
  m_PrefabInternal: {fileID: 1426701860}
--- !u!4 &649179088 stripped
Transform:
  m_PrefabParentObject: {fileID: 4506082191970354, guid: bcc2bc7f1e0df3048802807f09019664,
    type: 2}
  m_PrefabInternal: {fileID: 1426701860}
--- !u!4 &660548844 stripped
Transform:
  m_PrefabParentObject: {fileID: 4386609652531424, guid: bcc2bc7f1e0df3048802807f09019664,
    type: 2}
  m_PrefabInternal: {fileID: 1426701860}
--- !u!4 &663955156 stripped
Transform:
  m_PrefabParentObject: {fileID: 4317534316767150, guid: bcc2bc7f1e0df3048802807f09019664,
    type: 2}
  m_PrefabInternal: {fileID: 1426701860}
--- !u!4 &677466075 stripped
Transform:
  m_PrefabParentObject: {fileID: 4756056734304196, guid: bcc2bc7f1e0df3048802807f09019664,
    type: 2}
  m_PrefabInternal: {fileID: 1426701860}
--- !u!4 &678455124 stripped
Transform:
  m_PrefabParentObject: {fileID: 4167265982328398, guid: bcc2bc7f1e0df3048802807f09019664,
    type: 2}
  m_PrefabInternal: {fileID: 1426701860}
--- !u!4 &690696068 stripped
Transform:
  m_PrefabParentObject: {fileID: 4371612475001270, guid: bcc2bc7f1e0df3048802807f09019664,
    type: 2}
  m_PrefabInternal: {fileID: 1426701860}
--- !u!4 &692641586 stripped
Transform:
  m_PrefabParentObject: {fileID: 4994320853694436, guid: bcc2bc7f1e0df3048802807f09019664,
    type: 2}
  m_PrefabInternal: {fileID: 1426701860}
--- !u!4 &694304131 stripped
Transform:
  m_PrefabParentObject: {fileID: 4106806594396552, guid: bcc2bc7f1e0df3048802807f09019664,
    type: 2}
  m_PrefabInternal: {fileID: 1426701860}
--- !u!4 &695928097 stripped
Transform:
  m_PrefabParentObject: {fileID: 4872628020965906, guid: bcc2bc7f1e0df3048802807f09019664,
    type: 2}
  m_PrefabInternal: {fileID: 1426701860}
--- !u!4 &735362540 stripped
Transform:
  m_PrefabParentObject: {fileID: 4321365435833872, guid: bcc2bc7f1e0df3048802807f09019664,
    type: 2}
  m_PrefabInternal: {fileID: 1426701860}
--- !u!4 &743889584 stripped
Transform:
  m_PrefabParentObject: {fileID: 4916871153809276, guid: bcc2bc7f1e0df3048802807f09019664,
    type: 2}
  m_PrefabInternal: {fileID: 1426701860}
--- !u!4 &774390667 stripped
Transform:
  m_PrefabParentObject: {fileID: 4198889740654890, guid: bcc2bc7f1e0df3048802807f09019664,
    type: 2}
  m_PrefabInternal: {fileID: 1426701860}
--- !u!4 &777180856 stripped
Transform:
  m_PrefabParentObject: {fileID: 4085749852505952, guid: bcc2bc7f1e0df3048802807f09019664,
    type: 2}
  m_PrefabInternal: {fileID: 1426701860}
--- !u!4 &786506667 stripped
Transform:
  m_PrefabParentObject: {fileID: 4969817088956676, guid: bcc2bc7f1e0df3048802807f09019664,
    type: 2}
  m_PrefabInternal: {fileID: 1426701860}
--- !u!4 &794752599 stripped
Transform:
  m_PrefabParentObject: {fileID: 4852625139938388, guid: bcc2bc7f1e0df3048802807f09019664,
    type: 2}
  m_PrefabInternal: {fileID: 1426701860}
--- !u!4 &812136648 stripped
Transform:
  m_PrefabParentObject: {fileID: 4113697317043254, guid: bcc2bc7f1e0df3048802807f09019664,
    type: 2}
  m_PrefabInternal: {fileID: 1426701860}
--- !u!1 &824023392
GameObject:
  m_ObjectHideFlags: 0
  m_PrefabParentObject: {fileID: 0}
  m_PrefabInternal: {fileID: 0}
  serializedVersion: 5
  m_Component:
  - component: {fileID: 824023394}
  - component: {fileID: 824023393}
  m_Layer: 0
  m_Name: Directional Light
  m_TagString: Untagged
  m_Icon: {fileID: 0}
  m_NavMeshLayer: 0
  m_StaticEditorFlags: 0
  m_IsActive: 1
--- !u!108 &824023393
Light:
  m_ObjectHideFlags: 0
  m_PrefabParentObject: {fileID: 0}
  m_PrefabInternal: {fileID: 0}
  m_GameObject: {fileID: 824023392}
  m_Enabled: 1
  serializedVersion: 8
  m_Type: 1
  m_Color: {r: 1, g: 0.95686275, b: 0.8392157, a: 1}
  m_Intensity: 1
  m_Range: 10
  m_SpotAngle: 30
  m_CookieSize: 10
  m_Shadows:
    m_Type: 2
    m_Resolution: -1
    m_CustomResolution: -1
    m_Strength: 1
    m_Bias: 0.05
    m_NormalBias: 0.4
    m_NearPlane: 0.2
  m_Cookie: {fileID: 0}
  m_DrawHalo: 0
  m_Flare: {fileID: 0}
  m_RenderMode: 0
  m_CullingMask:
    serializedVersion: 2
    m_Bits: 4294967295
  m_Lightmapping: 4
  m_AreaSize: {x: 1, y: 1}
  m_BounceIntensity: 1
  m_ColorTemperature: 6570
  m_UseColorTemperature: 0
  m_ShadowRadius: 0
  m_ShadowAngle: 0
--- !u!4 &824023394
Transform:
  m_ObjectHideFlags: 0
  m_PrefabParentObject: {fileID: 0}
  m_PrefabInternal: {fileID: 0}
  m_GameObject: {fileID: 824023392}
  m_LocalRotation: {x: 0.40821788, y: -0.23456968, z: 0.10938163, w: 0.8754261}
  m_LocalPosition: {x: 0, y: 3, z: 0}
  m_LocalScale: {x: 1, y: 1, z: 1}
  m_Children: []
  m_Father: {fileID: 0}
  m_RootOrder: 1
  m_LocalEulerAnglesHint: {x: 50, y: -30, z: 0}
--- !u!4 &826094705 stripped
Transform:
  m_PrefabParentObject: {fileID: 4375669699959416, guid: bcc2bc7f1e0df3048802807f09019664,
    type: 2}
  m_PrefabInternal: {fileID: 1426701860}
--- !u!4 &834852205 stripped
Transform:
  m_PrefabParentObject: {fileID: 4523271743681314, guid: bcc2bc7f1e0df3048802807f09019664,
    type: 2}
  m_PrefabInternal: {fileID: 1426701860}
--- !u!4 &847976092 stripped
Transform:
  m_PrefabParentObject: {fileID: 4785315208525048, guid: bcc2bc7f1e0df3048802807f09019664,
    type: 2}
  m_PrefabInternal: {fileID: 1426701860}
--- !u!4 &850549734 stripped
Transform:
  m_PrefabParentObject: {fileID: 4887190246746814, guid: bcc2bc7f1e0df3048802807f09019664,
    type: 2}
  m_PrefabInternal: {fileID: 1426701860}
--- !u!4 &854623123 stripped
Transform:
  m_PrefabParentObject: {fileID: 4061542226332586, guid: bcc2bc7f1e0df3048802807f09019664,
    type: 2}
  m_PrefabInternal: {fileID: 1426701860}
--- !u!4 &885283322 stripped
Transform:
  m_PrefabParentObject: {fileID: 4903462325498858, guid: bcc2bc7f1e0df3048802807f09019664,
    type: 2}
  m_PrefabInternal: {fileID: 1426701860}
--- !u!4 &913798027 stripped
Transform:
  m_PrefabParentObject: {fileID: 4949157613717906, guid: bcc2bc7f1e0df3048802807f09019664,
    type: 2}
  m_PrefabInternal: {fileID: 1426701860}
--- !u!4 &916453705 stripped
Transform:
  m_PrefabParentObject: {fileID: 4630111399588992, guid: bcc2bc7f1e0df3048802807f09019664,
    type: 2}
  m_PrefabInternal: {fileID: 1426701860}
--- !u!4 &930422957 stripped
Transform:
  m_PrefabParentObject: {fileID: 4702814301021416, guid: bcc2bc7f1e0df3048802807f09019664,
    type: 2}
  m_PrefabInternal: {fileID: 1426701860}
--- !u!4 &943893323 stripped
Transform:
  m_PrefabParentObject: {fileID: 4005269790682804, guid: bcc2bc7f1e0df3048802807f09019664,
    type: 2}
  m_PrefabInternal: {fileID: 1426701860}
--- !u!4 &944322434 stripped
Transform:
  m_PrefabParentObject: {fileID: 4752628611740672, guid: bcc2bc7f1e0df3048802807f09019664,
    type: 2}
  m_PrefabInternal: {fileID: 1426701860}
--- !u!4 &972230168 stripped
Transform:
  m_PrefabParentObject: {fileID: 4403013201405028, guid: bcc2bc7f1e0df3048802807f09019664,
    type: 2}
  m_PrefabInternal: {fileID: 1426701860}
--- !u!4 &987757520 stripped
Transform:
  m_PrefabParentObject: {fileID: 4838660515212232, guid: bcc2bc7f1e0df3048802807f09019664,
    type: 2}
  m_PrefabInternal: {fileID: 1426701860}
--- !u!4 &996614051 stripped
Transform:
  m_PrefabParentObject: {fileID: 4639208495441550, guid: bcc2bc7f1e0df3048802807f09019664,
    type: 2}
  m_PrefabInternal: {fileID: 1426701860}
--- !u!4 &998840997 stripped
Transform:
  m_PrefabParentObject: {fileID: 4781478819007548, guid: bcc2bc7f1e0df3048802807f09019664,
    type: 2}
  m_PrefabInternal: {fileID: 1426701860}
--- !u!4 &1038250780 stripped
Transform:
  m_PrefabParentObject: {fileID: 4951864768552574, guid: bcc2bc7f1e0df3048802807f09019664,
    type: 2}
  m_PrefabInternal: {fileID: 1426701860}
--- !u!1 &1047086032
GameObject:
  m_ObjectHideFlags: 0
  m_PrefabParentObject: {fileID: 0}
  m_PrefabInternal: {fileID: 0}
  serializedVersion: 5
  m_Component:
  - component: {fileID: 1047086033}
  m_Layer: 0
  m_Name: aim_object
  m_TagString: Untagged
  m_Icon: {fileID: 0}
  m_NavMeshLayer: 0
  m_StaticEditorFlags: 0
  m_IsActive: 1
--- !u!4 &1047086033
Transform:
  m_ObjectHideFlags: 0
  m_PrefabParentObject: {fileID: 0}
  m_PrefabInternal: {fileID: 0}
  m_GameObject: {fileID: 1047086032}
  m_LocalRotation: {x: -0, y: -0, z: -0, w: 1}
  m_LocalPosition: {x: 0, y: 1, z: -10}
  m_LocalScale: {x: 1, y: 1, z: 1}
  m_Children: []
  m_Father: {fileID: 0}
  m_RootOrder: 4
  m_LocalEulerAnglesHint: {x: 0, y: 0, z: 0}
--- !u!4 &1052620702 stripped
Transform:
  m_PrefabParentObject: {fileID: 4525212221026168, guid: bcc2bc7f1e0df3048802807f09019664,
    type: 2}
  m_PrefabInternal: {fileID: 1426701860}
--- !u!4 &1059605176 stripped
Transform:
  m_PrefabParentObject: {fileID: 4044885798331656, guid: bcc2bc7f1e0df3048802807f09019664,
    type: 2}
  m_PrefabInternal: {fileID: 1426701860}
--- !u!4 &1060277827 stripped
Transform:
  m_PrefabParentObject: {fileID: 4165815098623462, guid: bcc2bc7f1e0df3048802807f09019664,
    type: 2}
  m_PrefabInternal: {fileID: 1426701860}
--- !u!4 &1068933662 stripped
Transform:
  m_PrefabParentObject: {fileID: 4760182340276982, guid: bcc2bc7f1e0df3048802807f09019664,
    type: 2}
  m_PrefabInternal: {fileID: 1426701860}
--- !u!1 &1094959407
GameObject:
  m_ObjectHideFlags: 0
  m_PrefabParentObject: {fileID: 0}
  m_PrefabInternal: {fileID: 0}
  serializedVersion: 5
  m_Component:
  - component: {fileID: 1094959409}
  - component: {fileID: 1094959408}
  - component: {fileID: 1094959410}
  m_Layer: 0
  m_Name: GamePlay
  m_TagString: Untagged
  m_Icon: {fileID: 0}
  m_NavMeshLayer: 0
  m_StaticEditorFlags: 0
  m_IsActive: 1
--- !u!114 &1094959408
MonoBehaviour:
  m_ObjectHideFlags: 0
  m_PrefabParentObject: {fileID: 0}
  m_PrefabInternal: {fileID: 0}
  m_GameObject: {fileID: 1094959407}
  m_Enabled: 1
  m_EditorHideFlags: 0
  m_Script: {fileID: 11500000, guid: 41f2b7794fe5ca740a62e89a2c423c66, type: 3}
  m_Name: 
  m_EditorClassIdentifier: 
  subsribed: 0
  speed: 2
  height: 2
  min_height: 0
  max_height: 0
--- !u!4 &1094959409
Transform:
  m_ObjectHideFlags: 0
  m_PrefabParentObject: {fileID: 0}
  m_PrefabInternal: {fileID: 0}
  m_GameObject: {fileID: 1094959407}
  m_LocalRotation: {x: 0, y: 0, z: 0, w: 1}
  m_LocalPosition: {x: -17.526073, y: 5.6796865, z: -13.799999}
  m_LocalScale: {x: 1, y: 1, z: 1}
  m_Children: []
  m_Father: {fileID: 0}
  m_RootOrder: 5
  m_LocalEulerAnglesHint: {x: 0, y: 0, z: 0}
--- !u!114 &1094959410
MonoBehaviour:
  m_ObjectHideFlags: 0
  m_PrefabParentObject: {fileID: 0}
  m_PrefabInternal: {fileID: 0}
  m_GameObject: {fileID: 1094959407}
  m_Enabled: 1
  m_EditorHideFlags: 0
  m_Script: {fileID: 11500000, guid: 1b3e6c4503dcfcd4d955fa14ead286e8, type: 3}
  m_Name: 
  m_EditorClassIdentifier: 
  subsribed: 0
--- !u!4 &1097661013 stripped
Transform:
  m_PrefabParentObject: {fileID: 4718079664587646, guid: bcc2bc7f1e0df3048802807f09019664,
    type: 2}
  m_PrefabInternal: {fileID: 1426701860}
--- !u!4 &1114421505 stripped
Transform:
  m_PrefabParentObject: {fileID: 4577662811648920, guid: bcc2bc7f1e0df3048802807f09019664,
    type: 2}
  m_PrefabInternal: {fileID: 1426701860}
--- !u!4 &1122611029 stripped
Transform:
  m_PrefabParentObject: {fileID: 4708110021073726, guid: bcc2bc7f1e0df3048802807f09019664,
    type: 2}
  m_PrefabInternal: {fileID: 1426701860}
--- !u!4 &1130363164 stripped
Transform:
  m_PrefabParentObject: {fileID: 4325535517569438, guid: bcc2bc7f1e0df3048802807f09019664,
    type: 2}
  m_PrefabInternal: {fileID: 1426701860}
--- !u!4 &1136157755 stripped
Transform:
  m_PrefabParentObject: {fileID: 4950892743789646, guid: bcc2bc7f1e0df3048802807f09019664,
    type: 2}
  m_PrefabInternal: {fileID: 1426701860}
--- !u!4 &1253309949 stripped
Transform:
  m_PrefabParentObject: {fileID: 4506090368493002, guid: bcc2bc7f1e0df3048802807f09019664,
    type: 2}
  m_PrefabInternal: {fileID: 1426701860}
--- !u!4 &1266827518 stripped
Transform:
  m_PrefabParentObject: {fileID: 4644340732842276, guid: bcc2bc7f1e0df3048802807f09019664,
    type: 2}
  m_PrefabInternal: {fileID: 1426701860}
--- !u!4 &1277030752 stripped
Transform:
  m_PrefabParentObject: {fileID: 4168023421550012, guid: bcc2bc7f1e0df3048802807f09019664,
    type: 2}
  m_PrefabInternal: {fileID: 1426701860}
--- !u!4 &1277280091 stripped
Transform:
  m_PrefabParentObject: {fileID: 4121566138653496, guid: bcc2bc7f1e0df3048802807f09019664,
    type: 2}
  m_PrefabInternal: {fileID: 1426701860}
--- !u!4 &1279444206 stripped
Transform:
  m_PrefabParentObject: {fileID: 4892969025251682, guid: bcc2bc7f1e0df3048802807f09019664,
    type: 2}
  m_PrefabInternal: {fileID: 1426701860}
--- !u!4 &1281130392 stripped
Transform:
  m_PrefabParentObject: {fileID: 4491394029716924, guid: bcc2bc7f1e0df3048802807f09019664,
    type: 2}
  m_PrefabInternal: {fileID: 1426701860}
--- !u!4 &1314327240 stripped
Transform:
  m_PrefabParentObject: {fileID: 4627798983851720, guid: bcc2bc7f1e0df3048802807f09019664,
    type: 2}
  m_PrefabInternal: {fileID: 1426701860}
--- !u!4 &1340064018 stripped
Transform:
  m_PrefabParentObject: {fileID: 4909282534559438, guid: bcc2bc7f1e0df3048802807f09019664,
    type: 2}
  m_PrefabInternal: {fileID: 1426701860}
--- !u!4 &1346754918 stripped
Transform:
  m_PrefabParentObject: {fileID: 4421754368741652, guid: bcc2bc7f1e0df3048802807f09019664,
    type: 2}
  m_PrefabInternal: {fileID: 1426701860}
--- !u!4 &1363041521 stripped
Transform:
  m_PrefabParentObject: {fileID: 4828493749375340, guid: bcc2bc7f1e0df3048802807f09019664,
    type: 2}
  m_PrefabInternal: {fileID: 1426701860}
--- !u!4 &1363088218 stripped
Transform:
  m_PrefabParentObject: {fileID: 4269614087115706, guid: bcc2bc7f1e0df3048802807f09019664,
    type: 2}
  m_PrefabInternal: {fileID: 1426701860}
--- !u!4 &1370779840 stripped
Transform:
  m_PrefabParentObject: {fileID: 4578932657190130, guid: bcc2bc7f1e0df3048802807f09019664,
    type: 2}
  m_PrefabInternal: {fileID: 1426701860}
--- !u!4 &1382086448 stripped
Transform:
  m_PrefabParentObject: {fileID: 4019901709150946, guid: bcc2bc7f1e0df3048802807f09019664,
    type: 2}
  m_PrefabInternal: {fileID: 1426701860}
--- !u!4 &1398576469 stripped
Transform:
  m_PrefabParentObject: {fileID: 4326672727902876, guid: bcc2bc7f1e0df3048802807f09019664,
    type: 2}
  m_PrefabInternal: {fileID: 1426701860}
--- !u!4 &1415550092 stripped
Transform:
  m_PrefabParentObject: {fileID: 4715305897093664, guid: bcc2bc7f1e0df3048802807f09019664,
    type: 2}
  m_PrefabInternal: {fileID: 1426701860}
--- !u!4 &1423435353 stripped
Transform:
  m_PrefabParentObject: {fileID: 4036268509093430, guid: bcc2bc7f1e0df3048802807f09019664,
    type: 2}
  m_PrefabInternal: {fileID: 1426701860}
--- !u!1001 &1426701860
Prefab:
  m_ObjectHideFlags: 0
  serializedVersion: 2
  m_Modification:
    m_TransformParent: {fileID: 2111957868}
    m_Modifications:
    - target: {fileID: 4904617888414262, guid: bcc2bc7f1e0df3048802807f09019664, type: 2}
      propertyPath: m_LocalPosition.x
      value: 0
      objectReference: {fileID: 0}
    - target: {fileID: 4904617888414262, guid: bcc2bc7f1e0df3048802807f09019664, type: 2}
      propertyPath: m_LocalPosition.y
      value: 0
      objectReference: {fileID: 0}
    - target: {fileID: 4904617888414262, guid: bcc2bc7f1e0df3048802807f09019664, type: 2}
      propertyPath: m_LocalPosition.z
      value: 0
      objectReference: {fileID: 0}
    - target: {fileID: 4904617888414262, guid: bcc2bc7f1e0df3048802807f09019664, type: 2}
      propertyPath: m_LocalRotation.x
      value: 0
      objectReference: {fileID: 0}
    - target: {fileID: 4904617888414262, guid: bcc2bc7f1e0df3048802807f09019664, type: 2}
      propertyPath: m_LocalRotation.y
      value: 0
      objectReference: {fileID: 0}
    - target: {fileID: 4904617888414262, guid: bcc2bc7f1e0df3048802807f09019664, type: 2}
      propertyPath: m_LocalRotation.z
      value: 0
      objectReference: {fileID: 0}
    - target: {fileID: 4904617888414262, guid: bcc2bc7f1e0df3048802807f09019664, type: 2}
      propertyPath: m_LocalRotation.w
      value: 1
      objectReference: {fileID: 0}
    - target: {fileID: 4904617888414262, guid: bcc2bc7f1e0df3048802807f09019664, type: 2}
      propertyPath: m_RootOrder
      value: 0
      objectReference: {fileID: 0}
    m_RemovedComponents: []
  m_ParentPrefab: {fileID: 100100000, guid: bcc2bc7f1e0df3048802807f09019664, type: 2}
  m_IsPrefabParent: 0
--- !u!4 &1453482862 stripped
Transform:
  m_PrefabParentObject: {fileID: 4632821157540698, guid: bcc2bc7f1e0df3048802807f09019664,
    type: 2}
  m_PrefabInternal: {fileID: 1426701860}
--- !u!4 &1456744405 stripped
Transform:
  m_PrefabParentObject: {fileID: 4230557704924316, guid: bcc2bc7f1e0df3048802807f09019664,
    type: 2}
  m_PrefabInternal: {fileID: 1426701860}
--- !u!4 &1460243865 stripped
Transform:
  m_PrefabParentObject: {fileID: 4932598915475356, guid: bcc2bc7f1e0df3048802807f09019664,
    type: 2}
  m_PrefabInternal: {fileID: 1426701860}
--- !u!4 &1492948483 stripped
Transform:
  m_PrefabParentObject: {fileID: 4688250290352256, guid: bcc2bc7f1e0df3048802807f09019664,
    type: 2}
  m_PrefabInternal: {fileID: 1426701860}
--- !u!4 &1497297938 stripped
Transform:
  m_PrefabParentObject: {fileID: 4883530840232348, guid: bcc2bc7f1e0df3048802807f09019664,
    type: 2}
  m_PrefabInternal: {fileID: 1426701860}
--- !u!4 &1511184836 stripped
Transform:
  m_PrefabParentObject: {fileID: 4660038560479128, guid: bcc2bc7f1e0df3048802807f09019664,
    type: 2}
  m_PrefabInternal: {fileID: 1426701860}
--- !u!4 &1555070597 stripped
Transform:
  m_PrefabParentObject: {fileID: 4304600674578110, guid: bcc2bc7f1e0df3048802807f09019664,
    type: 2}
  m_PrefabInternal: {fileID: 1426701860}
--- !u!4 &1555653986 stripped
Transform:
  m_PrefabParentObject: {fileID: 4109614938573592, guid: bcc2bc7f1e0df3048802807f09019664,
    type: 2}
  m_PrefabInternal: {fileID: 1426701860}
--- !u!4 &1558273987 stripped
Transform:
  m_PrefabParentObject: {fileID: 4922813762479344, guid: bcc2bc7f1e0df3048802807f09019664,
    type: 2}
  m_PrefabInternal: {fileID: 1426701860}
--- !u!4 &1560379539 stripped
Transform:
  m_PrefabParentObject: {fileID: 4838239011892428, guid: bcc2bc7f1e0df3048802807f09019664,
    type: 2}
  m_PrefabInternal: {fileID: 1426701860}
--- !u!4 &1576399704 stripped
Transform:
  m_PrefabParentObject: {fileID: 4385248472688100, guid: bcc2bc7f1e0df3048802807f09019664,
    type: 2}
  m_PrefabInternal: {fileID: 1426701860}
--- !u!4 &1589073981 stripped
Transform:
  m_PrefabParentObject: {fileID: 4939970252437082, guid: bcc2bc7f1e0df3048802807f09019664,
    type: 2}
  m_PrefabInternal: {fileID: 1426701860}
--- !u!4 &1658138753 stripped
Transform:
  m_PrefabParentObject: {fileID: 4258722139249876, guid: bcc2bc7f1e0df3048802807f09019664,
    type: 2}
  m_PrefabInternal: {fileID: 1426701860}
--- !u!4 &1676269334 stripped
Transform:
  m_PrefabParentObject: {fileID: 4070731398231012, guid: bcc2bc7f1e0df3048802807f09019664,
    type: 2}
  m_PrefabInternal: {fileID: 1426701860}
--- !u!4 &1678901033 stripped
Transform:
  m_PrefabParentObject: {fileID: 4763475794213962, guid: bcc2bc7f1e0df3048802807f09019664,
    type: 2}
  m_PrefabInternal: {fileID: 1426701860}
--- !u!4 &1683196671 stripped
Transform:
  m_PrefabParentObject: {fileID: 4339171430225716, guid: bcc2bc7f1e0df3048802807f09019664,
    type: 2}
  m_PrefabInternal: {fileID: 1426701860}
--- !u!4 &1700872555 stripped
Transform:
  m_PrefabParentObject: {fileID: 4385728886682394, guid: bcc2bc7f1e0df3048802807f09019664,
    type: 2}
  m_PrefabInternal: {fileID: 1426701860}
--- !u!4 &1708580536 stripped
Transform:
  m_PrefabParentObject: {fileID: 4481286384552116, guid: bcc2bc7f1e0df3048802807f09019664,
    type: 2}
  m_PrefabInternal: {fileID: 1426701860}
--- !u!4 &1721163170 stripped
Transform:
  m_PrefabParentObject: {fileID: 4518994297474128, guid: bcc2bc7f1e0df3048802807f09019664,
    type: 2}
  m_PrefabInternal: {fileID: 1426701860}
--- !u!4 &1729449579 stripped
Transform:
  m_PrefabParentObject: {fileID: 4798397931133242, guid: bcc2bc7f1e0df3048802807f09019664,
    type: 2}
  m_PrefabInternal: {fileID: 1426701860}
--- !u!4 &1736603856 stripped
Transform:
  m_PrefabParentObject: {fileID: 4360378773002158, guid: bcc2bc7f1e0df3048802807f09019664,
    type: 2}
  m_PrefabInternal: {fileID: 1426701860}
--- !u!4 &1737100705 stripped
Transform:
  m_PrefabParentObject: {fileID: 4297099984271338, guid: bcc2bc7f1e0df3048802807f09019664,
    type: 2}
  m_PrefabInternal: {fileID: 1426701860}
--- !u!4 &1762097917 stripped
Transform:
  m_PrefabParentObject: {fileID: 4496734032122814, guid: bcc2bc7f1e0df3048802807f09019664,
    type: 2}
  m_PrefabInternal: {fileID: 1426701860}
--- !u!4 &1768103056 stripped
Transform:
  m_PrefabParentObject: {fileID: 4847073731083438, guid: bcc2bc7f1e0df3048802807f09019664,
    type: 2}
  m_PrefabInternal: {fileID: 1426701860}
--- !u!4 &1818836400 stripped
Transform:
  m_PrefabParentObject: {fileID: 4278807361898958, guid: bcc2bc7f1e0df3048802807f09019664,
    type: 2}
  m_PrefabInternal: {fileID: 1426701860}
--- !u!4 &1821276355 stripped
Transform:
  m_PrefabParentObject: {fileID: 4629270204483010, guid: bcc2bc7f1e0df3048802807f09019664,
    type: 2}
  m_PrefabInternal: {fileID: 1426701860}
--- !u!4 &1836249162 stripped
Transform:
  m_PrefabParentObject: {fileID: 4405449269327038, guid: bcc2bc7f1e0df3048802807f09019664,
    type: 2}
  m_PrefabInternal: {fileID: 1426701860}
--- !u!4 &1846939199 stripped
Transform:
  m_PrefabParentObject: {fileID: 4612508095230504, guid: bcc2bc7f1e0df3048802807f09019664,
    type: 2}
  m_PrefabInternal: {fileID: 1426701860}
--- !u!4 &1854941160 stripped
Transform:
  m_PrefabParentObject: {fileID: 4572462056396790, guid: bcc2bc7f1e0df3048802807f09019664,
    type: 2}
  m_PrefabInternal: {fileID: 1426701860}
--- !u!4 &1858357129 stripped
Transform:
  m_PrefabParentObject: {fileID: 4505472324472568, guid: bcc2bc7f1e0df3048802807f09019664,
    type: 2}
  m_PrefabInternal: {fileID: 1426701860}
--- !u!4 &1881573908 stripped
Transform:
  m_PrefabParentObject: {fileID: 4179030851792312, guid: bcc2bc7f1e0df3048802807f09019664,
    type: 2}
  m_PrefabInternal: {fileID: 1426701860}
--- !u!4 &1890750704 stripped
Transform:
  m_PrefabParentObject: {fileID: 4104385511213480, guid: bcc2bc7f1e0df3048802807f09019664,
    type: 2}
  m_PrefabInternal: {fileID: 1426701860}
--- !u!4 &1899434242 stripped
Transform:
  m_PrefabParentObject: {fileID: 4754128692086652, guid: bcc2bc7f1e0df3048802807f09019664,
    type: 2}
  m_PrefabInternal: {fileID: 1426701860}
--- !u!4 &1911023309 stripped
Transform:
  m_PrefabParentObject: {fileID: 4882722833795578, guid: bcc2bc7f1e0df3048802807f09019664,
    type: 2}
  m_PrefabInternal: {fileID: 1426701860}
--- !u!4 &1911612320 stripped
Transform:
  m_PrefabParentObject: {fileID: 4276762974071280, guid: bcc2bc7f1e0df3048802807f09019664,
    type: 2}
  m_PrefabInternal: {fileID: 1426701860}
--- !u!4 &1933125633 stripped
Transform:
  m_PrefabParentObject: {fileID: 4922625697573510, guid: bcc2bc7f1e0df3048802807f09019664,
    type: 2}
  m_PrefabInternal: {fileID: 1426701860}
--- !u!4 &1948842005 stripped
Transform:
  m_PrefabParentObject: {fileID: 4308394953767724, guid: bcc2bc7f1e0df3048802807f09019664,
    type: 2}
  m_PrefabInternal: {fileID: 1426701860}
--- !u!4 &1983647784 stripped
Transform:
  m_PrefabParentObject: {fileID: 4310235258883904, guid: bcc2bc7f1e0df3048802807f09019664,
    type: 2}
  m_PrefabInternal: {fileID: 1426701860}
--- !u!4 &1994429037 stripped
Transform:
  m_PrefabParentObject: {fileID: 4738118377030510, guid: bcc2bc7f1e0df3048802807f09019664,
    type: 2}
  m_PrefabInternal: {fileID: 1426701860}
--- !u!4 &2003152540 stripped
Transform:
  m_PrefabParentObject: {fileID: 4852928560238898, guid: bcc2bc7f1e0df3048802807f09019664,
    type: 2}
  m_PrefabInternal: {fileID: 1426701860}
--- !u!4 &2011946938 stripped
Transform:
  m_PrefabParentObject: {fileID: 4478732051451262, guid: bcc2bc7f1e0df3048802807f09019664,
    type: 2}
  m_PrefabInternal: {fileID: 1426701860}
--- !u!4 &2048812028 stripped
Transform:
  m_PrefabParentObject: {fileID: 4397081693483554, guid: bcc2bc7f1e0df3048802807f09019664,
    type: 2}
  m_PrefabInternal: {fileID: 1426701860}
--- !u!4 &2089994021 stripped
Transform:
  m_PrefabParentObject: {fileID: 4406627526286574, guid: bcc2bc7f1e0df3048802807f09019664,
    type: 2}
  m_PrefabInternal: {fileID: 1426701860}
--- !u!4 &2104335566 stripped
Transform:
  m_PrefabParentObject: {fileID: 4208710514748132, guid: bcc2bc7f1e0df3048802807f09019664,
    type: 2}
  m_PrefabInternal: {fileID: 1426701860}
--- !u!1 &2111957863
GameObject:
  m_ObjectHideFlags: 0
  m_PrefabParentObject: {fileID: 0}
  m_PrefabInternal: {fileID: 0}
  serializedVersion: 5
  m_Component:
  - component: {fileID: 2111957868}
  - component: {fileID: 2111957867}
  - component: {fileID: 2111957866}
  - component: {fileID: 2111957865}
  - component: {fileID: 2111957864}
  m_Layer: 0
  m_Name: Spline
  m_TagString: Untagged
  m_Icon: {fileID: 0}
  m_NavMeshLayer: 0
  m_StaticEditorFlags: 0
  m_IsActive: 1
--- !u!23 &2111957864
MeshRenderer:
  m_ObjectHideFlags: 0
  m_PrefabParentObject: {fileID: 0}
  m_PrefabInternal: {fileID: 0}
  m_GameObject: {fileID: 2111957863}
  m_Enabled: 1
  m_CastShadows: 1
  m_ReceiveShadows: 1
  m_DynamicOccludee: 1
  m_MotionVectors: 1
  m_LightProbeUsage: 1
  m_ReflectionProbeUsage: 1
  m_Materials:
  - {fileID: 2100000, guid: 937ecbce4c62abf46b7fa7d1e567c67c, type: 2}
  m_StaticBatchInfo:
    firstSubMesh: 0
    subMeshCount: 0
  m_StaticBatchRoot: {fileID: 0}
  m_ProbeAnchor: {fileID: 0}
  m_LightProbeVolumeOverride: {fileID: 0}
  m_ScaleInLightmap: 1
  m_PreserveUVs: 0
  m_IgnoreNormalsForChartDetection: 0
  m_ImportantGI: 0
  m_StitchLightmapSeams: 0
  m_SelectedEditorRenderState: 3
  m_MinimumChartSize: 4
  m_AutoUVMaxDistance: 0.5
  m_AutoUVMaxAngle: 89
  m_LightmapParameters: {fileID: 0}
  m_SortingLayerID: 0
  m_SortingLayer: 0
  m_SortingOrder: 0
--- !u!114 &2111957865
MonoBehaviour:
  m_ObjectHideFlags: 0
  m_PrefabParentObject: {fileID: 0}
  m_PrefabInternal: {fileID: 0}
  m_GameObject: {fileID: 2111957863}
  m_Enabled: 1
  m_EditorHideFlags: 0
  m_Script: {fileID: 11500000, guid: d47ee0a4c04534fa2a6c8bb678e06bc7, type: 3}
  m_Name: 
  m_EditorClassIdentifier: 
--- !u!114 &2111957866
MonoBehaviour:
  m_ObjectHideFlags: 0
  m_PrefabParentObject: {fileID: 0}
  m_PrefabInternal: {fileID: 0}
  m_GameObject: {fileID: 2111957863}
  m_Enabled: 1
  m_EditorHideFlags: 0
  m_Script: {fileID: 11500000, guid: 4fdb26ea8a0fa094391062014f9a0994, type: 3}
  m_Name: 
  m_EditorClassIdentifier: 
  pathHolder: {fileID: 2111957867}
  draw: 1
--- !u!114 &2111957867
MonoBehaviour:
  m_ObjectHideFlags: 0
  m_PrefabParentObject: {fileID: 0}
  m_PrefabInternal: {fileID: 0}
  m_GameObject: {fileID: 2111957863}
  m_Enabled: 1
  m_EditorHideFlags: 0
  m_Script: {fileID: 11500000, guid: 3a7c8f76834d2c448a5006d01f1007b4, type: 3}
  m_Name: 
  m_EditorClassIdentifier: 
  PointsArray: {fileID: 372951863}
  Path:
  - {fileID: 1881573908}
  - {fileID: 1398576469}
  - {fileID: 233114921}
  - {fileID: 1589073981}
  - {fileID: 1363041521}
  - {fileID: 1846939199}
  - {fileID: 1052620702}
  - {fileID: 587567204}
  - {fileID: 341141573}
  - {fileID: 1721163170}
  - {fileID: 319932057}
  - {fileID: 1737100705}
  - {fileID: 1370779840}
  - {fileID: 246377393}
  - {fileID: 367800434}
  - {fileID: 83251159}
  - {fileID: 1555070597}
  - {fileID: 605551086}
  - {fileID: 2104335566}
  - {fileID: 826094705}
  - {fileID: 192832568}
  - {fileID: 308902229}
  - {fileID: 118059689}
  - {fileID: 1933125633}
  - {fileID: 105118128}
  - {fileID: 583464564}
  - {fileID: 1736603856}
  - {fileID: 557483690}
  - {fileID: 116677295}
  - {fileID: 987757520}
  - {fileID: 127417558}
  - {fileID: 834852205}
  - {fileID: 1130363164}
  - {fileID: 420781525}
  - {fileID: 854623123}
  - {fileID: 1576399704}
  - {fileID: 2003152540}
  - {fileID: 649179088}
  - {fileID: 1700872555}
  - {fileID: 263496138}
  - {fileID: 1560379539}
  - {fileID: 580661753}
  - {fileID: 847976092}
  - {fileID: 630123815}
  - {fileID: 308127727}
  - {fileID: 204707461}
  - {fileID: 1555653986}
  - {fileID: 424006704}
  - {fileID: 930422957}
  - {fileID: 365470289}
  - {fileID: 1453482862}
  - {fileID: 1497297938}
  - {fileID: 677466075}
  - {fileID: 251247116}
  - {fileID: 1122611029}
  - {fileID: 812136648}
  - {fileID: 1097661013}
  - {fileID: 1511184836}
  - {fileID: 1994429037}
  - {fileID: 944322434}
  - {fileID: 1460243865}
  - {fileID: 33934201}
  - {fileID: 403365298}
  - {fileID: 1854941160}
  - {fileID: 1382086448}
  - {fileID: 613924937}
  - {fileID: 1911612320}
  - {fileID: 1492948483}
  - {fileID: 1314327240}
  - {fileID: 407486311}
  - {fileID: 1363088218}
  - {fileID: 1983647784}
  - {fileID: 608067271}
  - {fileID: 1899434242}
  - {fileID: 1114421505}
  - {fileID: 1762097917}
  - {fileID: 1253309949}
  - {fileID: 1948842005}
  - {fileID: 1060277827}
  - {fileID: 1277030752}
  - {fileID: 663955156}
  - {fileID: 1658138753}
  - {fileID: 998840997}
  - {fileID: 1423435353}
  - {fileID: 491456769}
  - {fileID: 1266827518}
  - {fileID: 692641586}
  - {fileID: 916453705}
  - {fileID: 1558273987}
  - {fileID: 310254280}
  - {fileID: 1821276355}
  - {fileID: 69062976}
  - {fileID: 1911023309}
  - {fileID: 1346754918}
  - {fileID: 502182573}
  - {fileID: 377257594}
  - {fileID: 972230168}
  - {fileID: 1729449579}
  - {fileID: 384020318}
  - {fileID: 1281130392}
  - {fileID: 660548844}
  - {fileID: 1768103056}
  - {fileID: 1279444206}
  - {fileID: 1678901033}
  - {fileID: 499808008}
  - {fileID: 1818836400}
  - {fileID: 1415550092}
  - {fileID: 120574400}
  - {fileID: 695928097}
  - {fileID: 694304131}
  - {fileID: 1708580536}
  - {fileID: 1038250780}
  - {fileID: 1136157755}
  - {fileID: 1858357129}
  - {fileID: 794752599}
  - {fileID: 79647598}
  - {fileID: 1676269334}
  - {fileID: 1277280091}
  - {fileID: 678455124}
  - {fileID: 561568061}
  - {fileID: 9825870}
  - {fileID: 1890750704}
  - {fileID: 2048812028}
  - {fileID: 1321737}
  - {fileID: 690696068}
  - {fileID: 1068933662}
  - {fileID: 1836249162}
  - {fileID: 2011946938}
  - {fileID: 885283322}
  - {fileID: 211538356}
  - {fileID: 743889584}
  - {fileID: 151608485}
  - {fileID: 777180856}
  - {fileID: 850549734}
  - {fileID: 64280008}
  - {fileID: 786506667}
  - {fileID: 596111220}
  - {fileID: 1340064018}
  - {fileID: 943893323}
  - {fileID: 913798027}
  - {fileID: 774390667}
  - {fileID: 1456744405}
  - {fileID: 735362540}
  - {fileID: 236112568}
  - {fileID: 1683196671}
  - {fileID: 1059605176}
  - {fileID: 2131451164}
  - {fileID: 2089994021}
  - {fileID: 249216844}
  - {fileID: 996614051}
--- !u!4 &2111957868
Transform:
  m_ObjectHideFlags: 0
  m_PrefabParentObject: {fileID: 0}
  m_PrefabInternal: {fileID: 0}
  m_GameObject: {fileID: 2111957863}
  m_LocalRotation: {x: 0, y: 0, z: 0, w: 1}
  m_LocalPosition: {x: 0, y: 0, z: 0}
  m_LocalScale: {x: 1, y: 1, z: 1}
  m_Children:
  - {fileID: 372951863}
  m_Father: {fileID: 0}
  m_RootOrder: 3
  m_LocalEulerAnglesHint: {x: 0, y: 0, z: 0}
--- !u!4 &2131451164 stripped
Transform:
  m_PrefabParentObject: {fileID: 4818179511958740, guid: bcc2bc7f1e0df3048802807f09019664,
    type: 2}
  m_PrefabInternal: {fileID: 1426701860}
